%YAML 1.1
%TAG !u! tag:unity3d.com,2011:
--- !u!1 &113330692887269713
GameObject:
  m_ObjectHideFlags: 0
  m_CorrespondingSourceObject: {fileID: 0}
  m_PrefabInstance: {fileID: 0}
  m_PrefabAsset: {fileID: 0}
  serializedVersion: 6
  m_Component:
  - component: {fileID: 578881867451953491}
  m_Layer: 0
  m_Name: Spine1Part1_M
  m_TagString: Untagged
  m_Icon: {fileID: 0}
  m_NavMeshLayer: 0
  m_StaticEditorFlags: 0
  m_IsActive: 1
--- !u!4 &578881867451953491
Transform:
  m_ObjectHideFlags: 0
  m_CorrespondingSourceObject: {fileID: 0}
  m_PrefabInstance: {fileID: 0}
  m_PrefabAsset: {fileID: 0}
  m_GameObject: {fileID: 113330692887269713}
  m_LocalRotation: {x: 0.0053184475, y: 0.000048531794, z: -0.0065545025, w: 0.9999644}
  m_LocalPosition: {x: -0.00646027, y: 4.246603e-17, z: -1.0928758e-18}
  m_LocalScale: {x: 1, y: 1, z: 1}
  m_ConstrainProportionsScale: 0
  m_Children:
  - {fileID: 5551639918233762069}
  m_Father: {fileID: 514701675863622747}
  m_RootOrder: 0
  m_LocalEulerAnglesHint: {x: -0.93754464, y: -0.32743347, z: -1.2726907}
--- !u!1 &283219359659634976
GameObject:
  m_ObjectHideFlags: 0
  m_CorrespondingSourceObject: {fileID: 0}
  m_PrefabInstance: {fileID: 0}
  m_PrefabAsset: {fileID: 0}
  serializedVersion: 6
  m_Component:
  - component: {fileID: 3432244073607880613}
  m_Layer: 0
  m_Name: ShoulderPart2_R
  m_TagString: Untagged
  m_Icon: {fileID: 0}
  m_NavMeshLayer: 0
  m_StaticEditorFlags: 0
  m_IsActive: 1
--- !u!4 &3432244073607880613
Transform:
  m_ObjectHideFlags: 0
  m_CorrespondingSourceObject: {fileID: 0}
  m_PrefabInstance: {fileID: 0}
  m_PrefabAsset: {fileID: 0}
  m_GameObject: {fileID: 283219359659634976}
  m_LocalRotation: {x: 0.0036338202, y: -0, z: -0, w: 0.9999934}
  m_LocalPosition: {x: -0.005696392, y: 1.7763568e-17, z: -4.440892e-18}
  m_LocalScale: {x: 1, y: 1, z: 1}
  m_ConstrainProportionsScale: 0
  m_Children:
  - {fileID: 3342768155271999901}
  m_Father: {fileID: 932910378644146013}
  m_RootOrder: 0
  m_LocalEulerAnglesHint: {x: 0.48888743, y: 0, z: 0}
--- !u!1 &363759326647392539
GameObject:
  m_ObjectHideFlags: 0
  m_CorrespondingSourceObject: {fileID: 0}
  m_PrefabInstance: {fileID: 0}
  m_PrefabAsset: {fileID: 0}
  serializedVersion: 6
  m_Component:
  - component: {fileID: 8732324029977967087}
  m_Layer: 0
  m_Name: ElbowPart1_L
  m_TagString: Untagged
  m_Icon: {fileID: 0}
  m_NavMeshLayer: 0
  m_StaticEditorFlags: 0
  m_IsActive: 1
--- !u!4 &8732324029977967087
Transform:
  m_ObjectHideFlags: 0
  m_CorrespondingSourceObject: {fileID: 0}
  m_PrefabInstance: {fileID: 0}
  m_PrefabAsset: {fileID: 0}
  m_GameObject: {fileID: 363759326647392539}
  m_LocalRotation: {x: -0.009480693, y: 0, z: -0, w: 0.99995506}
  m_LocalPosition: {x: 0.0059540165, y: 0, z: -4.440892e-18}
  m_LocalScale: {x: 1, y: 1, z: 1}
  m_ConstrainProportionsScale: 0
  m_Children:
  - {fileID: 3168937894394351379}
  m_Father: {fileID: 8617119145393432301}
  m_RootOrder: 0
  m_LocalEulerAnglesHint: {x: -2.640592, y: 0, z: 0}
--- !u!1 &420802158515049107
GameObject:
  m_ObjectHideFlags: 0
  m_CorrespondingSourceObject: {fileID: 0}
  m_PrefabInstance: {fileID: 0}
  m_PrefabAsset: {fileID: 0}
  serializedVersion: 6
  m_Component:
  - component: {fileID: 4992070104911213511}
  m_Layer: 0
  m_Name: NeckPart2_M
  m_TagString: Untagged
  m_Icon: {fileID: 0}
  m_NavMeshLayer: 0
  m_StaticEditorFlags: 0
  m_IsActive: 1
--- !u!4 &4992070104911213511
Transform:
  m_ObjectHideFlags: 0
  m_CorrespondingSourceObject: {fileID: 0}
  m_PrefabInstance: {fileID: 0}
  m_PrefabAsset: {fileID: 0}
  m_GameObject: {fileID: 420802158515049107}
  m_LocalRotation: {x: -0.004394497, y: 0.0028867326, z: 0.008286743, w: 0.99995184}
  m_LocalPosition: {x: -0.0056887344, y: -2.5535128e-17, z: 1.6653345e-18}
  m_LocalScale: {x: 1, y: 1, z: 1}
  m_ConstrainProportionsScale: 0
  m_Children:
  - {fileID: 2580134334793845598}
  m_Father: {fileID: 1241291190796638222}
  m_RootOrder: 0
  m_LocalEulerAnglesHint: {x: 1.3004456, y: 1.5345212, z: 0.93568206}
--- !u!1 &478170973167069463
GameObject:
  m_ObjectHideFlags: 0
  m_CorrespondingSourceObject: {fileID: 0}
  m_PrefabInstance: {fileID: 0}
  m_PrefabAsset: {fileID: 0}
  serializedVersion: 6
  m_Component:
  - component: {fileID: 5240105239087057174}
  m_Layer: 0
  m_Name: Neck_M
  m_TagString: Untagged
  m_Icon: {fileID: 0}
  m_NavMeshLayer: 0
  m_StaticEditorFlags: 0
  m_IsActive: 1
--- !u!4 &5240105239087057174
Transform:
  m_ObjectHideFlags: 0
  m_CorrespondingSourceObject: {fileID: 0}
  m_PrefabInstance: {fileID: 0}
  m_PrefabAsset: {fileID: 0}
  m_GameObject: {fileID: 478170973167069463}
  m_LocalRotation: {x: -0.004434442, y: 0.002824988, z: 0.022271508, w: 0.99973816}
  m_LocalPosition: {x: -0.017711801, y: 8.881784e-18, z: 1.7867651e-18}
  m_LocalScale: {x: 1, y: 1, z: 1}
  m_ConstrainProportionsScale: 0
  m_Children:
  - {fileID: 2083786732906928112}
  - {fileID: 1241291190796638222}
  m_Father: {fileID: 7878351932315351525}
  m_RootOrder: 0
  m_LocalEulerAnglesHint: {x: 1.2570286, y: 1.5702881, z: 2.5386422}
--- !u!1 &520605294380351822
GameObject:
  m_ObjectHideFlags: 0
  m_CorrespondingSourceObject: {fileID: 0}
  m_PrefabInstance: {fileID: 0}
  m_PrefabAsset: {fileID: 0}
  serializedVersion: 6
  m_Component:
  - component: {fileID: 4222910091104971173}
  m_Layer: 0
  m_Name: Jaw_M
  m_TagString: Untagged
  m_Icon: {fileID: 0}
  m_NavMeshLayer: 0
  m_StaticEditorFlags: 0
  m_IsActive: 1
--- !u!4 &4222910091104971173
Transform:
  m_ObjectHideFlags: 0
  m_CorrespondingSourceObject: {fileID: 0}
  m_PrefabInstance: {fileID: 0}
  m_PrefabAsset: {fileID: 0}
  m_GameObject: {fileID: 520605294380351822}
  m_LocalRotation: {x: -2.547886e-17, y: -4.275845e-17, z: -0.801485, w: 0.5980149}
  m_LocalPosition: {x: 0.00031496416, y: 0.0007250884, z: -6.9388935e-19}
  m_LocalScale: {x: 1, y: 1, z: 1}
  m_ConstrainProportionsScale: 0
  m_Children:
  - {fileID: 3341024508934223281}
  m_Father: {fileID: 2580134334793845598}
  m_RootOrder: 3
  m_LocalEulerAnglesHint: {x: -4.11321e-15, y: -4.278187e-16, z: -106.54428}
--- !u!1 &988059718791826321
GameObject:
  m_ObjectHideFlags: 0
  m_CorrespondingSourceObject: {fileID: 0}
  m_PrefabInstance: {fileID: 0}
  m_PrefabAsset: {fileID: 0}
  serializedVersion: 6
  m_Component:
  - component: {fileID: 8236670161190266630}
  m_Layer: 0
  m_Name: joint11_M
  m_TagString: Untagged
  m_Icon: {fileID: 0}
  m_NavMeshLayer: 0
  m_StaticEditorFlags: 0
  m_IsActive: 1
--- !u!4 &8236670161190266630
Transform:
  m_ObjectHideFlags: 0
  m_CorrespondingSourceObject: {fileID: 0}
  m_PrefabInstance: {fileID: 0}
  m_PrefabAsset: {fileID: 0}
  m_GameObject: {fileID: 988059718791826321}
  m_LocalRotation: {x: 0, y: -0, z: -0, w: 1}
  m_LocalPosition: {x: -0.006518547, y: 0, z: -1.411201e-17}
  m_LocalScale: {x: 1, y: 1, z: 1}
  m_ConstrainProportionsScale: 0
  m_Children: []
  m_Father: {fileID: 2083786732906928112}
  m_RootOrder: 0
  m_LocalEulerAnglesHint: {x: 0, y: 0, z: 0}
--- !u!1 &989282039297617647
GameObject:
  m_ObjectHideFlags: 0
  m_CorrespondingSourceObject: {fileID: 0}
  m_PrefabInstance: {fileID: 0}
  m_PrefabAsset: {fileID: 0}
  serializedVersion: 6
  m_Component:
  - component: {fileID: 5974474555673581906}
  m_Layer: 0
  m_Name: Wrist_L
  m_TagString: Untagged
  m_Icon: {fileID: 0}
  m_NavMeshLayer: 0
  m_StaticEditorFlags: 0
  m_IsActive: 1
--- !u!4 &5974474555673581906
Transform:
  m_ObjectHideFlags: 0
  m_CorrespondingSourceObject: {fileID: 0}
  m_PrefabInstance: {fileID: 0}
  m_PrefabAsset: {fileID: 0}
  m_GameObject: {fileID: 989282039297617647}
  m_LocalRotation: {x: 0.64507204, y: -0.030238649, z: -0.025082575, w: 0.7631112}
  m_LocalPosition: {x: 0.0059540165, y: -8.881784e-18, z: -4.440892e-18}
  m_LocalScale: {x: 1, y: 1, z: 1}
  m_ConstrainProportionsScale: 0
  m_Children:
  - {fileID: 5979277194882734515}
  m_Father: {fileID: 3168937894394351379}
  m_RootOrder: 0
  m_LocalEulerAnglesHint: {x: 77.86067, y: 23.334702, z: 15.924322}
--- !u!1 &997808480847537001
GameObject:
  m_ObjectHideFlags: 0
  m_CorrespondingSourceObject: {fileID: 0}
  m_PrefabInstance: {fileID: 0}
  m_PrefabAsset: {fileID: 0}
  serializedVersion: 6
  m_Component:
  - component: {fileID: 8617119145393432301}
  m_Layer: 0
  m_Name: Elbow_L
  m_TagString: Untagged
  m_Icon: {fileID: 0}
  m_NavMeshLayer: 0
  m_StaticEditorFlags: 0
  m_IsActive: 1
--- !u!4 &8617119145393432301
Transform:
  m_ObjectHideFlags: 0
  m_CorrespondingSourceObject: {fileID: 0}
  m_PrefabInstance: {fileID: 0}
  m_PrefabAsset: {fileID: 0}
  m_GameObject: {fileID: 997808480847537001}
  m_LocalRotation: {x: 0.0030069654, y: 0.2539062, z: -0.08682936, w: 0.9633189}
  m_LocalPosition: {x: 0.005696392, y: -8.881784e-18, z: 5.5511148e-18}
  m_LocalScale: {x: 1, y: 1, z: 1}
  m_ConstrainProportionsScale: 0
  m_Children:
  - {fileID: 8732324029977967087}
  m_Father: {fileID: 1099810820644714915}
  m_RootOrder: 0
  m_LocalEulerAnglesHint: {x: 1.4942114, y: 33.46891, z: -16.1911}
--- !u!1 &1026702310437889991
GameObject:
  m_ObjectHideFlags: 0
  m_CorrespondingSourceObject: {fileID: 0}
  m_PrefabInstance: {fileID: 0}
  m_PrefabAsset: {fileID: 0}
  serializedVersion: 6
  m_Component:
  - component: {fileID: 4637272511648435783}
  m_Layer: 0
  m_Name: Knee_L
  m_TagString: Untagged
  m_Icon: {fileID: 0}
  m_NavMeshLayer: 0
  m_StaticEditorFlags: 0
  m_IsActive: 1
--- !u!4 &4637272511648435783
Transform:
  m_ObjectHideFlags: 0
  m_CorrespondingSourceObject: {fileID: 0}
  m_PrefabInstance: {fileID: 0}
  m_PrefabAsset: {fileID: 0}
  m_GameObject: {fileID: 1026702310437889991}
  m_LocalRotation: {x: 0.019086553, y: -0.008533816, z: 0.40808138, w: 0.91270614}
  m_LocalPosition: {x: 0.0013508487, y: -1.589595e-13, z: 1.3793411e-14}
  m_LocalScale: {x: 1, y: 1, z: 1}
  m_ConstrainProportionsScale: 0
  m_Children:
  - {fileID: 1393461532359808274}
  m_Father: {fileID: 439560854635997328}
  m_RootOrder: 0
  m_LocalEulerAnglesHint: {x: 4.719143, y: 0.00036850164, z: 44.605644}
--- !u!1 &1080046220262061392
GameObject:
  m_ObjectHideFlags: 0
  m_CorrespondingSourceObject: {fileID: 0}
  m_PrefabInstance: {fileID: 0}
  m_PrefabAsset: {fileID: 0}
  serializedVersion: 6
  m_Component:
  - component: {fileID: 526688326184731913}
  m_Layer: 0
  m_Name: Hip_L
  m_TagString: Untagged
  m_Icon: {fileID: 0}
  m_NavMeshLayer: 0
  m_StaticEditorFlags: 0
  m_IsActive: 1
--- !u!4 &526688326184731913
Transform:
  m_ObjectHideFlags: 0
  m_CorrespondingSourceObject: {fileID: 0}
  m_PrefabInstance: {fileID: 0}
  m_PrefabAsset: {fileID: 0}
  m_GameObject: {fileID: 1080046220262061392}
  m_LocalRotation: {x: 0.9301053, y: 0.3618607, z: 0.030620787, w: -0.05498479}
  m_LocalPosition: {x: 0.0029820013, y: -0.00016655406, z: 0.014623119}
  m_LocalScale: {x: 1, y: 1, z: 1}
  m_ConstrainProportionsScale: 0
  m_Children:
  - {fileID: 9097283756020620928}
  m_Father: {fileID: 22566399834545660}
  m_RootOrder: 0
  m_LocalEulerAnglesHint: {x: -8.04817, y: 176.94836, z: 148.79457}
--- !u!1 &1183911537184621758
GameObject:
  m_ObjectHideFlags: 0
  m_CorrespondingSourceObject: {fileID: 0}
  m_PrefabInstance: {fileID: 0}
  m_PrefabAsset: {fileID: 0}
  serializedVersion: 6
  m_Component:
  - component: {fileID: 219056360908950874}
  m_Layer: 0
  m_Name: HipPart1_R
  m_TagString: Untagged
  m_Icon: {fileID: 0}
  m_NavMeshLayer: 0
  m_StaticEditorFlags: 0
  m_IsActive: 1
--- !u!4 &219056360908950874
Transform:
  m_ObjectHideFlags: 0
  m_CorrespondingSourceObject: {fileID: 0}
  m_PrefabInstance: {fileID: 0}
  m_PrefabAsset: {fileID: 0}
  m_GameObject: {fileID: 1183911537184621758}
  m_LocalRotation: {x: -0.013726442, y: 0, z: -0, w: 0.9999058}
  m_LocalPosition: {x: -0.0013508487, y: -1.6830981e-15, z: -2.0365931e-14}
  m_LocalScale: {x: 1, y: 1, z: 1}
  m_ConstrainProportionsScale: 0
  m_Children:
  - {fileID: 6406908163495571959}
  m_Father: {fileID: 3118853662147092897}
  m_RootOrder: 0
  m_LocalEulerAnglesHint: {x: -4.394775, y: 0, z: 0}
--- !u!1 &1188393513539749839
GameObject:
  m_ObjectHideFlags: 0
  m_CorrespondingSourceObject: {fileID: 0}
  m_PrefabInstance: {fileID: 0}
  m_PrefabAsset: {fileID: 0}
  serializedVersion: 6
  m_Component:
  - component: {fileID: 8732453429595826015}
  m_Layer: 0
  m_Name: joint6_M
  m_TagString: Untagged
  m_Icon: {fileID: 0}
  m_NavMeshLayer: 0
  m_StaticEditorFlags: 0
  m_IsActive: 1
--- !u!4 &8732453429595826015
Transform:
  m_ObjectHideFlags: 0
  m_CorrespondingSourceObject: {fileID: 0}
  m_PrefabInstance: {fileID: 0}
  m_PrefabAsset: {fileID: 0}
  m_GameObject: {fileID: 1188393513539749839}
  m_LocalRotation: {x: 0.006494439, y: 0.103409186, z: 0.084307246, w: 0.9910382}
  m_LocalPosition: {x: -0.007849536, y: 1.5399645e-10, z: -1.5399645e-10}
  m_LocalScale: {x: 1, y: 1, z: 1}
  m_ConstrainProportionsScale: 0
  m_Children:
  - {fileID: 5206941153568771839}
  m_Father: {fileID: 5029697826611386014}
  m_RootOrder: 0
  m_LocalEulerAnglesHint: {x: 1.3625985, y: 7.0560837, z: 10.979342}
--- !u!1 &1277784506853900907
GameObject:
  m_ObjectHideFlags: 0
  m_CorrespondingSourceObject: {fileID: 0}
  m_PrefabInstance: {fileID: 0}
  m_PrefabAsset: {fileID: 0}
  serializedVersion: 6
  m_Component:
  - component: {fileID: 1941133429050841297}
  - component: {fileID: 2124278372594581305}
  - component: {fileID: 2124278372594581311}
  m_Layer: 0
  m_Name: meo_den_cam_sung
  m_TagString: Untagged
  m_Icon: {fileID: 0}
  m_NavMeshLayer: 0
  m_StaticEditorFlags: 0
  m_IsActive: 1
--- !u!4 &1941133429050841297
Transform:
  m_ObjectHideFlags: 0
  m_CorrespondingSourceObject: {fileID: 0}
  m_PrefabInstance: {fileID: 0}
  m_PrefabAsset: {fileID: 0}
  m_GameObject: {fileID: 1277784506853900907}
  m_LocalRotation: {x: -0, y: 0.15842614, z: -0, w: 0.98737085}
  m_LocalPosition: {x: -1.7435422, y: -0.49, z: -2.996013}
  m_LocalScale: {x: 23, y: 23, z: 23}
  m_ConstrainProportionsScale: 0
  m_Children:
  - {fileID: 8391712931053300539}
  - {fileID: 307459480395963617}
  m_Father: {fileID: 0}
  m_RootOrder: 0
  m_LocalEulerAnglesHint: {x: 0, y: 18.231, z: 0}
--- !u!95 &2124278372594581305
Animator:
  serializedVersion: 5
  m_ObjectHideFlags: 0
  m_CorrespondingSourceObject: {fileID: 0}
  m_PrefabInstance: {fileID: 0}
  m_PrefabAsset: {fileID: 0}
  m_GameObject: {fileID: 1277784506853900907}
  m_Enabled: 1
  m_Avatar: {fileID: 0}
  m_Controller: {fileID: 9100000, guid: 59f189ceccfdbb144af31c0cb3983ab1, type: 2}
  m_CullingMode: 0
  m_UpdateMode: 0
  m_ApplyRootMotion: 0
  m_LinearVelocityBlending: 0
  m_StabilizeFeet: 0
  m_WarningMessage: 
  m_HasTransformHierarchy: 1
  m_AllowConstantClipSamplingOptimization: 1
  m_KeepAnimatorStateOnDisable: 0
  m_WriteDefaultValuesOnDisable: 0
--- !u!114 &2124278372594581311
MonoBehaviour:
  m_ObjectHideFlags: 0
  m_CorrespondingSourceObject: {fileID: 0}
  m_PrefabInstance: {fileID: 0}
  m_PrefabAsset: {fileID: 0}
  m_GameObject: {fileID: 1277784506853900907}
  m_Enabled: 1
  m_EditorHideFlags: 0
  m_Script: {fileID: 11500000, guid: 806557dd9a869314389b2b7295fecb07, type: 3}
  m_Name: 
  m_EditorClassIdentifier: 
  bullet_Pre: {fileID: 7622674383968236923, guid: f4ab147055439d24984e9398ee90b498, type: 3}
  gun: {fileID: 1941133429475645186}
  durationShoot: 0.5
--- !u!1 &1380421520745700086
GameObject:
  m_ObjectHideFlags: 0
  m_CorrespondingSourceObject: {fileID: 0}
  m_PrefabInstance: {fileID: 0}
  m_PrefabAsset: {fileID: 0}
  serializedVersion: 6
  m_Component:
  - component: {fileID: 6454459590121009510}
  m_Layer: 0
  m_Name: Eye_R
  m_TagString: Untagged
  m_Icon: {fileID: 0}
  m_NavMeshLayer: 0
  m_StaticEditorFlags: 0
  m_IsActive: 1
--- !u!4 &6454459590121009510
Transform:
  m_ObjectHideFlags: 0
  m_CorrespondingSourceObject: {fileID: 0}
  m_PrefabInstance: {fileID: 0}
  m_PrefabAsset: {fileID: 0}
  m_GameObject: {fileID: 1380421520745700086}
  m_LocalRotation: {x: -3.499595e-17, y: -3.5394086e-17, z: -0.63454217, w: 0.77288824}
  m_LocalPosition: {x: -0.00067958987, y: 0.0015836604, z: -0.0005485495}
  m_LocalScale: {x: 1, y: 1, z: 1}
  m_ConstrainProportionsScale: 0
  m_Children:
  - {fileID: 7725309900254658633}
  m_Father: {fileID: 2580134334793845598}
  m_RootOrder: 1
  m_LocalEulerAnglesHint: {x: -4.11321e-15, y: -4.278187e-16, z: -78.77207}
--- !u!1 &1504373385051827316
GameObject:
  m_ObjectHideFlags: 0
  m_CorrespondingSourceObject: {fileID: 0}
  m_PrefabInstance: {fileID: 0}
  m_PrefabAsset: {fileID: 0}
  serializedVersion: 6
  m_Component:
  - component: {fileID: 4858269982132254758}
  m_Layer: 0
  m_Name: joint2_L
  m_TagString: Untagged
  m_Icon: {fileID: 0}
  m_NavMeshLayer: 0
  m_StaticEditorFlags: 0
  m_IsActive: 1
--- !u!4 &4858269982132254758
Transform:
  m_ObjectHideFlags: 0
  m_CorrespondingSourceObject: {fileID: 0}
  m_PrefabInstance: {fileID: 0}
  m_PrefabAsset: {fileID: 0}
  m_GameObject: {fileID: 1504373385051827316}
  m_LocalRotation: {x: 1.2772611e-17, y: -1.1420026e-16, z: 0.04100039, w: 0.99915916}
  m_LocalPosition: {x: 0.0036805412, y: 3.5527136e-17, z: -1.4250754e-17}
  m_LocalScale: {x: 1, y: 1, z: 1}
  m_ConstrainProportionsScale: 0
  m_Children:
  - {fileID: 3605788646636587518}
  m_Father: {fileID: 7067323283181193136}
  m_RootOrder: 0
  m_LocalEulerAnglesHint: {x: 3.7216341, y: 2.3908777, z: 0.60697734}
--- !u!1 &1526380342860851754
GameObject:
  m_ObjectHideFlags: 0
  m_CorrespondingSourceObject: {fileID: 0}
  m_PrefabInstance: {fileID: 0}
  m_PrefabAsset: {fileID: 0}
  serializedVersion: 6
  m_Component:
  - component: {fileID: 2559319946002177618}
  m_Layer: 0
  m_Name: joint8_M
  m_TagString: Untagged
  m_Icon: {fileID: 0}
  m_NavMeshLayer: 0
  m_StaticEditorFlags: 0
  m_IsActive: 1
--- !u!4 &2559319946002177618
Transform:
  m_ObjectHideFlags: 0
  m_CorrespondingSourceObject: {fileID: 0}
  m_PrefabInstance: {fileID: 0}
  m_PrefabAsset: {fileID: 0}
  m_GameObject: {fileID: 1526380342860851754}
  m_LocalRotation: {x: 0.006494439, y: 0.103409186, z: 0.084307246, w: 0.9910382}
  m_LocalPosition: {x: -0.008571332, y: 1.6815706e-10, z: -1.6815706e-10}
  m_LocalScale: {x: 1, y: 1, z: 1}
  m_ConstrainProportionsScale: 0
  m_Children:
  - {fileID: 2531089901907040060}
  m_Father: {fileID: 5206941153568771839}
  m_RootOrder: 0
  m_LocalEulerAnglesHint: {x: -4.226057, y: 4.3736944, z: 15.147058}
--- !u!1 &1816187003017499628
GameObject:
  m_ObjectHideFlags: 0
  m_CorrespondingSourceObject: {fileID: 0}
  m_PrefabInstance: {fileID: 0}
  m_PrefabAsset: {fileID: 0}
  serializedVersion: 6
  m_Component:
  - component: {fileID: 9097283756020620928}
  m_Layer: 0
  m_Name: HipPart1_L
  m_TagString: Untagged
  m_Icon: {fileID: 0}
  m_NavMeshLayer: 0
  m_StaticEditorFlags: 0
  m_IsActive: 1
--- !u!4 &9097283756020620928
Transform:
  m_ObjectHideFlags: 0
  m_CorrespondingSourceObject: {fileID: 0}
  m_PrefabInstance: {fileID: 0}
  m_PrefabAsset: {fileID: 0}
  m_GameObject: {fileID: 1816187003017499628}
  m_LocalRotation: {x: 0.020907478, y: -0, z: -0, w: 0.9997814}
  m_LocalPosition: {x: 0.0013508487, y: -1.595568e-13, z: 4.685141e-16}
  m_LocalScale: {x: 1, y: 1, z: 1}
  m_ConstrainProportionsScale: 0
  m_Children:
  - {fileID: 439560854635997328}
  m_Father: {fileID: 526688326184731913}
  m_RootOrder: 0
  m_LocalEulerAnglesHint: {x: 4.819773, y: 0, z: 0}
--- !u!1 &1841300800130988342
GameObject:
  m_ObjectHideFlags: 0
  m_CorrespondingSourceObject: {fileID: 0}
  m_PrefabInstance: {fileID: 0}
  m_PrefabAsset: {fileID: 0}
  serializedVersion: 6
  m_Component:
  - component: {fileID: 5029697826611386014}
  m_Layer: 0
  m_Name: joint5_M
  m_TagString: Untagged
  m_Icon: {fileID: 0}
  m_NavMeshLayer: 0
  m_StaticEditorFlags: 0
  m_IsActive: 1
--- !u!4 &5029697826611386014
Transform:
  m_ObjectHideFlags: 0
  m_CorrespondingSourceObject: {fileID: 0}
  m_PrefabInstance: {fileID: 0}
  m_PrefabAsset: {fileID: 0}
  m_GameObject: {fileID: 1841300800130988342}
  m_LocalRotation: {x: 0.007322074, y: 0.10208955, z: 0.084448285, w: 0.99115723}
  m_LocalPosition: {x: -0.0076690875, y: 1.5045634e-10, z: -1.504563e-10}
  m_LocalScale: {x: 1, y: 1, z: 1}
  m_ConstrainProportionsScale: 0
  m_Children:
  - {fileID: 8732453429595826015}
  m_Father: {fileID: 3697886283334076800}
  m_RootOrder: 0
  m_LocalEulerAnglesHint: {x: 2.4401448, y: 8.264343, z: 10.508942}
--- !u!1 &2021838870974790455
GameObject:
  m_ObjectHideFlags: 0
  m_CorrespondingSourceObject: {fileID: 0}
  m_PrefabInstance: {fileID: 0}
  m_PrefabAsset: {fileID: 0}
  serializedVersion: 6
  m_Component:
  - component: {fileID: 6406908163495571959}
  m_Layer: 0
  m_Name: HipPart2_R
  m_TagString: Untagged
  m_Icon: {fileID: 0}
  m_NavMeshLayer: 0
  m_StaticEditorFlags: 0
  m_IsActive: 1
--- !u!4 &6406908163495571959
Transform:
  m_ObjectHideFlags: 0
  m_CorrespondingSourceObject: {fileID: 0}
  m_PrefabInstance: {fileID: 0}
  m_PrefabAsset: {fileID: 0}
  m_GameObject: {fileID: 2021838870974790455}
  m_LocalRotation: {x: -0.013726442, y: 0, z: -0, w: 0.9999058}
  m_LocalPosition: {x: -0.0013508487, y: -1.1235457e-15, z: -2.041034e-14}
  m_LocalScale: {x: 1, y: 1, z: 1}
  m_ConstrainProportionsScale: 0
  m_Children:
  - {fileID: 5356291981191404385}
  m_Father: {fileID: 219056360908950874}
  m_RootOrder: 0
  m_LocalEulerAnglesHint: {x: -4.394775, y: 0, z: 0}
--- !u!1 &2026837355967225147
GameObject:
  m_ObjectHideFlags: 0
  m_CorrespondingSourceObject: {fileID: 0}
  m_PrefabInstance: {fileID: 0}
  m_PrefabAsset: {fileID: 0}
  serializedVersion: 6
  m_Component:
  - component: {fileID: 7878351932315351525}
  m_Layer: 0
  m_Name: Chest_M
  m_TagString: Untagged
  m_Icon: {fileID: 0}
  m_NavMeshLayer: 0
  m_StaticEditorFlags: 0
  m_IsActive: 1
--- !u!4 &7878351932315351525
Transform:
  m_ObjectHideFlags: 0
  m_CorrespondingSourceObject: {fileID: 0}
  m_PrefabInstance: {fileID: 0}
  m_PrefabAsset: {fileID: 0}
  m_GameObject: {fileID: 2026837355967225147}
  m_LocalRotation: {x: 0.015940303, y: -0.00067269104, z: -0.070897385, w: 0.99735606}
  m_LocalPosition: {x: -0.00646027, y: 4.383646e-17, z: -2.2030988e-18}
  m_LocalScale: {x: 1, y: 1, z: 1}
  m_ConstrainProportionsScale: 0
  m_Children:
  - {fileID: 5240105239087057174}
  - {fileID: 3053221357763234183}
  - {fileID: 1698247435697195594}
  m_Father: {fileID: 5551639918233762069}
  m_RootOrder: 0
  m_LocalEulerAnglesHint: {x: -1.9346, y: -1.3389415, z: -9.61911}
--- !u!1 &2055859894454139548
GameObject:
  m_ObjectHideFlags: 0
  m_CorrespondingSourceObject: {fileID: 0}
  m_PrefabInstance: {fileID: 0}
  m_PrefabAsset: {fileID: 0}
  serializedVersion: 6
  m_Component:
  - component: {fileID: 9979410488287687}
  m_Layer: 0
  m_Name: joint1_R
  m_TagString: Untagged
  m_Icon: {fileID: 0}
  m_NavMeshLayer: 0
  m_StaticEditorFlags: 0
  m_IsActive: 1
--- !u!4 &9979410488287687
Transform:
  m_ObjectHideFlags: 0
  m_CorrespondingSourceObject: {fileID: 0}
  m_PrefabInstance: {fileID: 0}
  m_PrefabAsset: {fileID: 0}
  m_GameObject: {fileID: 2055859894454139548}
  m_LocalRotation: {x: 0.6788607, y: -0.19771385, z: 0.33020008, w: 0.62532014}
  m_LocalPosition: {x: -0.011787403, y: -0.00692587, z: -0.013779617}
  m_LocalScale: {x: 1, y: 1, z: 1}
  m_ConstrainProportionsScale: 0
  m_Children:
  - {fileID: 1967646151874184882}
  m_Father: {fileID: 2580134334793845598}
  m_RootOrder: 5
  m_LocalEulerAnglesHint: {x: 70.55003, y: 91.01117, z: 131.53146}
--- !u!1 &2249046545523034700
GameObject:
  m_ObjectHideFlags: 0
  m_CorrespondingSourceObject: {fileID: 0}
  m_PrefabInstance: {fileID: 0}
  m_PrefabAsset: {fileID: 0}
  serializedVersion: 6
  m_Component:
  - component: {fileID: 2740041501303636680}
  m_Layer: 0
  m_Name: EyeEnd_L
  m_TagString: Untagged
  m_Icon: {fileID: 0}
  m_NavMeshLayer: 0
  m_StaticEditorFlags: 0
  m_IsActive: 1
--- !u!4 &2740041501303636680
Transform:
  m_ObjectHideFlags: 0
  m_CorrespondingSourceObject: {fileID: 0}
  m_PrefabInstance: {fileID: 0}
  m_PrefabAsset: {fileID: 0}
  m_GameObject: {fileID: 2249046545523034700}
  m_LocalRotation: {x: 0, y: -0, z: -0, w: 1}
  m_LocalPosition: {x: -0.00027382537, y: -1.7763568e-17, z: -2.9143353e-18}
  m_LocalScale: {x: 1, y: 1, z: 1}
  m_ConstrainProportionsScale: 0
  m_Children: []
  m_Father: {fileID: 1148629178054867871}
  m_RootOrder: 0
  m_LocalEulerAnglesHint: {x: 0, y: 0, z: 0}
--- !u!1 &2489164657881185305
GameObject:
  m_ObjectHideFlags: 0
  m_CorrespondingSourceObject: {fileID: 0}
  m_PrefabInstance: {fileID: 0}
  m_PrefabAsset: {fileID: 0}
  serializedVersion: 6
  m_Component:
  - component: {fileID: 307459480395963617}
  m_Layer: 0
  m_Name: Group
  m_TagString: Untagged
  m_Icon: {fileID: 0}
  m_NavMeshLayer: 0
  m_StaticEditorFlags: 0
  m_IsActive: 1
--- !u!4 &307459480395963617
Transform:
  m_ObjectHideFlags: 0
  m_CorrespondingSourceObject: {fileID: 0}
  m_PrefabInstance: {fileID: 0}
  m_PrefabAsset: {fileID: 0}
  m_GameObject: {fileID: 2489164657881185305}
  m_LocalRotation: {x: 0, y: -0, z: -0, w: 1}
  m_LocalPosition: {x: -0, y: 0, z: 0}
  m_LocalScale: {x: 1, y: 1, z: 1}
  m_ConstrainProportionsScale: 0
  m_Children:
  - {fileID: 7392307090651879999}
  m_Father: {fileID: 1941133429050841297}
  m_RootOrder: 1
  m_LocalEulerAnglesHint: {x: 0, y: 0, z: 0}
--- !u!1 &2706860951340347140
GameObject:
  m_ObjectHideFlags: 0
  m_CorrespondingSourceObject: {fileID: 0}
  m_PrefabInstance: {fileID: 0}
  m_PrefabAsset: {fileID: 0}
  serializedVersion: 6
  m_Component:
  - component: {fileID: 8391712931053300539}
  - component: {fileID: 992691852679780571}
  m_Layer: 0
  m_Name: Body.001
  m_TagString: Untagged
  m_Icon: {fileID: 0}
  m_NavMeshLayer: 0
  m_StaticEditorFlags: 0
  m_IsActive: 1
--- !u!4 &8391712931053300539
Transform:
  m_ObjectHideFlags: 0
  m_CorrespondingSourceObject: {fileID: 0}
  m_PrefabInstance: {fileID: 0}
  m_PrefabAsset: {fileID: 0}
  m_GameObject: {fileID: 2706860951340347140}
  m_LocalRotation: {x: 0, y: -0, z: -0, w: 1}
  m_LocalPosition: {x: -0, y: 0, z: 0}
  m_LocalScale: {x: 1, y: 1, z: 1}
  m_ConstrainProportionsScale: 0
  m_Children: []
  m_Father: {fileID: 1941133429050841297}
  m_RootOrder: 0
  m_LocalEulerAnglesHint: {x: 0, y: 0, z: 0}
--- !u!137 &992691852679780571
SkinnedMeshRenderer:
  m_ObjectHideFlags: 0
  m_CorrespondingSourceObject: {fileID: 0}
  m_PrefabInstance: {fileID: 0}
  m_PrefabAsset: {fileID: 0}
  m_GameObject: {fileID: 2706860951340347140}
  m_Enabled: 1
  m_CastShadows: 1
  m_ReceiveShadows: 1
  m_DynamicOccludee: 1
  m_StaticShadowCaster: 0
  m_MotionVectors: 1
  m_LightProbeUsage: 1
  m_ReflectionProbeUsage: 1
  m_RayTracingMode: 3
  m_RayTraceProcedural: 0
  m_RenderingLayerMask: 1
  m_RendererPriority: 0
  m_Materials:
  - {fileID: 2100000, guid: 3c09585587074ae46b2227fa09a2f9da, type: 2}
  m_StaticBatchInfo:
    firstSubMesh: 0
    subMeshCount: 0
  m_StaticBatchRoot: {fileID: 0}
  m_ProbeAnchor: {fileID: 0}
  m_LightProbeVolumeOverride: {fileID: 0}
  m_ScaleInLightmap: 1
  m_ReceiveGI: 1
  m_PreserveUVs: 0
  m_IgnoreNormalsForChartDetection: 0
  m_ImportantGI: 0
  m_StitchLightmapSeams: 1
  m_SelectedEditorRenderState: 3
  m_MinimumChartSize: 4
  m_AutoUVMaxDistance: 0.5
  m_AutoUVMaxAngle: 89
  m_LightmapParameters: {fileID: 0}
  m_SortingLayerID: 0
  m_SortingLayer: 0
  m_SortingOrder: 0
  serializedVersion: 2
  m_Quality: 0
  m_UpdateWhenOffscreen: 0
  m_SkinnedMotionVectors: 1
  m_Mesh: {fileID: -3014937882001165872, guid: 8ccb7e3dc7e749243bf0fc796286a4b2, type: 3}
  m_Bones:
  - {fileID: 22566399834545660}
  - {fileID: 3697886283334076800}
  - {fileID: 5029697826611386014}
  - {fileID: 8732453429595826015}
  - {fileID: 5206941153568771839}
  - {fileID: 2559319946002177618}
  - {fileID: 2531089901907040060}
  - {fileID: 3118853662147092897}
  - {fileID: 219056360908950874}
  - {fileID: 6406908163495571959}
  - {fileID: 5356291981191404385}
  - {fileID: 8171196395471234364}
  - {fileID: 321961827691976186}
  - {fileID: 1973754011821281140}
  - {fileID: 758228850607889195}
  - {fileID: 8116263682664398396}
  - {fileID: 514701675863622747}
  - {fileID: 578881867451953491}
  - {fileID: 5551639918233762069}
  - {fileID: 7878351932315351525}
  - {fileID: 5240105239087057174}
  - {fileID: 2083786732906928112}
  - {fileID: 8236670161190266630}
  - {fileID: 1241291190796638222}
  - {fileID: 4992070104911213511}
  - {fileID: 2580134334793845598}
  - {fileID: 6501952367677576120}
  - {fileID: 6454459590121009510}
  - {fileID: 7725309900254658633}
  - {fileID: 4222910091104971173}
  - {fileID: 3341024508934223281}
  - {fileID: 9979410488287687}
  - {fileID: 1967646151874184882}
  - {fileID: 628121515032290098}
  - {fileID: 1148629178054867871}
  - {fileID: 2740041501303636680}
  - {fileID: 7067323283181193136}
  - {fileID: 4858269982132254758}
  - {fileID: 3605788646636587518}
  - {fileID: 1698247435697195594}
  - {fileID: 5834328574057693622}
  - {fileID: 932910378644146013}
  - {fileID: 3432244073607880613}
  - {fileID: 3342768155271999901}
  - {fileID: 5063481844248115128}
  - {fileID: 6833461014899202944}
  - {fileID: 1894367779824600876}
  - {fileID: 4476512080876726313}
  - {fileID: 3053221357763234183}
  - {fileID: 7767409690687172767}
  - {fileID: 5376041786275536959}
  - {fileID: 1099810820644714915}
  - {fileID: 8617119145393432301}
  - {fileID: 8732324029977967087}
  - {fileID: 3168937894394351379}
  - {fileID: 5974474555673581906}
  - {fileID: 5979277194882734515}
  - {fileID: 526688326184731913}
  - {fileID: 9097283756020620928}
  - {fileID: 439560854635997328}
  - {fileID: 4637272511648435783}
  - {fileID: 1393461532359808274}
  - {fileID: 3511067860177398797}
  - {fileID: 1197087447821498169}
  m_BlendShapeWeights: []
  m_RootBone: {fileID: 22566399834545660}
  m_AABB:
    m_Center: {x: -0.036048904, y: -0.0073376223, z: 0.0017096028}
    m_Extent: {x: 0.057811715, y: 0.04380688, z: 0.04433816}
  m_DirtyAABB: 0
--- !u!1 &2714604938142416229
GameObject:
  m_ObjectHideFlags: 0
  m_CorrespondingSourceObject: {fileID: 0}
  m_PrefabInstance: {fileID: 0}
  m_PrefabAsset: {fileID: 0}
  serializedVersion: 6
  m_Component:
  - component: {fileID: 8171196395471234364}
  m_Layer: 0
  m_Name: Ankle_R
  m_TagString: Untagged
  m_Icon: {fileID: 0}
  m_NavMeshLayer: 0
  m_StaticEditorFlags: 0
  m_IsActive: 1
--- !u!4 &8171196395471234364
Transform:
  m_ObjectHideFlags: 0
  m_CorrespondingSourceObject: {fileID: 0}
  m_PrefabInstance: {fileID: 0}
  m_PrefabAsset: {fileID: 0}
  m_GameObject: {fileID: 2714604938142416229}
  m_LocalRotation: {x: -0.101380356, y: -0.032307677, z: -0.29737476, w: 0.9488132}
  m_LocalPosition: {x: -0.006454139, y: -1.6098233e-17, z: -2.1322943e-14}
  m_LocalScale: {x: 1, y: 1, z: 1}
  m_ConstrainProportionsScale: 0
  m_Children:
  - {fileID: 321961827691976186}
  m_Father: {fileID: 5356291981191404385}
  m_RootOrder: 0
  m_LocalEulerAnglesHint: {x: -12.756687, y: -3.411173, z: -25.8975}
--- !u!1 &2836783397495784938
GameObject:
  m_ObjectHideFlags: 0
  m_CorrespondingSourceObject: {fileID: 0}
  m_PrefabInstance: {fileID: 0}
  m_PrefabAsset: {fileID: 0}
  serializedVersion: 6
  m_Component:
  - component: {fileID: 2580134334793845598}
  m_Layer: 0
  m_Name: Head_M
  m_TagString: Untagged
  m_Icon: {fileID: 0}
  m_NavMeshLayer: 0
  m_StaticEditorFlags: 0
  m_IsActive: 1
--- !u!4 &2580134334793845598
Transform:
  m_ObjectHideFlags: 0
  m_CorrespondingSourceObject: {fileID: 0}
  m_PrefabInstance: {fileID: 0}
  m_PrefabAsset: {fileID: 0}
  m_GameObject: {fileID: 2836783397495784938}
  m_LocalRotation: {x: 2.3789046e-32, y: -1.3918575e-32, z: -0.06568422, w: 0.99784046}
  m_LocalPosition: {x: -0.0056887344, y: -2.803313e-17, z: -2.081668e-18}
  m_LocalScale: {x: 1, y: 1, z: 1}
  m_ConstrainProportionsScale: 0
  m_Children:
  - {fileID: 1148629178054867871}
  - {fileID: 6454459590121009510}
  - {fileID: 6501952367677576120}
  - {fileID: 4222910091104971173}
  - {fileID: 7067323283181193136}
  - {fileID: 9979410488287687}
  m_Father: {fileID: 4992070104911213511}
  m_RootOrder: 0
  m_LocalEulerAnglesHint: {x: 1.8962496e-30, y: -1.2837288e-30, z: -7.532282}
--- !u!1 &2849256078070509558
GameObject:
  m_ObjectHideFlags: 0
  m_CorrespondingSourceObject: {fileID: 0}
  m_PrefabInstance: {fileID: 0}
  m_PrefabAsset: {fileID: 0}
  serializedVersion: 6
  m_Component:
  - component: {fileID: 758228850607889195}
  m_Layer: 0
  m_Name: RootPart1_M
  m_TagString: Untagged
  m_Icon: {fileID: 0}
  m_NavMeshLayer: 0
  m_StaticEditorFlags: 0
  m_IsActive: 1
--- !u!4 &758228850607889195
Transform:
  m_ObjectHideFlags: 0
  m_CorrespondingSourceObject: {fileID: 0}
  m_PrefabInstance: {fileID: 0}
  m_PrefabAsset: {fileID: 0}
  m_GameObject: {fileID: 2849256078070509558}
  m_LocalRotation: {x: 0.020102318, y: 0.009650616, z: -0.007294544, w: 0.99972475}
  m_LocalPosition: {x: -0.004843418, y: -4.440892e-18, z: -9.714452e-19}
  m_LocalScale: {x: 1, y: 1, z: 1}
  m_ConstrainProportionsScale: 0
  m_Children:
  - {fileID: 8116263682664398396}
  m_Father: {fileID: 22566399834545660}
  m_RootOrder: 3
  m_LocalEulerAnglesHint: {x: 2.011238, y: 1.484977, z: -1.3117614}
--- !u!1 &3261091374910993787
GameObject:
  m_ObjectHideFlags: 0
  m_CorrespondingSourceObject: {fileID: 0}
  m_PrefabInstance: {fileID: 0}
  m_PrefabAsset: {fileID: 0}
  serializedVersion: 6
  m_Component:
  - component: {fileID: 22566399834545660}
  m_Layer: 0
  m_Name: Root_M
  m_TagString: Untagged
  m_Icon: {fileID: 0}
  m_NavMeshLayer: 0
  m_StaticEditorFlags: 0
  m_IsActive: 1
--- !u!4 &22566399834545660
Transform:
  m_ObjectHideFlags: 0
  m_CorrespondingSourceObject: {fileID: 0}
  m_PrefabInstance: {fileID: 0}
  m_PrefabAsset: {fileID: 0}
  m_GameObject: {fileID: 3261091374910993787}
  m_LocalRotation: {x: 0.47280517, y: -0.49924982, z: -0.5192659, w: 0.50751144}
  m_LocalPosition: {x: -0.00027420855, y: 0.014126221, z: 0.0023650557}
  m_LocalScale: {x: 1, y: 1, z: 1}
  m_ConstrainProportionsScale: 0
  m_Children:
  - {fileID: 526688326184731913}
  - {fileID: 3118853662147092897}
  - {fileID: 3697886283334076800}
  - {fileID: 758228850607889195}
  m_Father: {fileID: 7392307090651879999}
  m_RootOrder: 0
  m_LocalEulerAnglesHint: {x: -3.6140485, y: -80.768005, z: -90.512794}
--- !u!1 &3387175889668816692
GameObject:
  m_ObjectHideFlags: 0
  m_CorrespondingSourceObject: {fileID: 0}
  m_PrefabInstance: {fileID: 0}
  m_PrefabAsset: {fileID: 0}
  serializedVersion: 6
  m_Component:
  - component: {fileID: 5063481844248115128}
  m_Layer: 0
  m_Name: ElbowPart1_R
  m_TagString: Untagged
  m_Icon: {fileID: 0}
  m_NavMeshLayer: 0
  m_StaticEditorFlags: 0
  m_IsActive: 1
--- !u!4 &5063481844248115128
Transform:
  m_ObjectHideFlags: 0
  m_CorrespondingSourceObject: {fileID: 0}
  m_PrefabInstance: {fileID: 0}
  m_PrefabAsset: {fileID: 0}
  m_GameObject: {fileID: 3387175889668816692}
  m_LocalRotation: {x: -0.022765461, y: 0, z: -0, w: 0.99974084}
  m_LocalPosition: {x: -0.0059540165, y: -1.3322676e-17, z: 0}
  m_LocalScale: {x: 1, y: 1, z: 1}
  m_ConstrainProportionsScale: 0
  m_Children:
  - {fileID: 6833461014899202944}
  m_Father: {fileID: 3342768155271999901}
  m_RootOrder: 0
  m_LocalEulerAnglesHint: {x: -8.28503, y: 0, z: 0}
--- !u!1 &3519313897872176700
GameObject:
  m_ObjectHideFlags: 0
  m_CorrespondingSourceObject: {fileID: 0}
  m_PrefabInstance: {fileID: 0}
  m_PrefabAsset: {fileID: 0}
  serializedVersion: 6
  m_Component:
  - component: {fileID: 1099810820644714915}
  m_Layer: 0
  m_Name: ShoulderPart2_L
  m_TagString: Untagged
  m_Icon: {fileID: 0}
  m_NavMeshLayer: 0
  m_StaticEditorFlags: 0
  m_IsActive: 1
--- !u!4 &1099810820644714915
Transform:
  m_ObjectHideFlags: 0
  m_CorrespondingSourceObject: {fileID: 0}
  m_PrefabInstance: {fileID: 0}
  m_PrefabAsset: {fileID: 0}
  m_GameObject: {fileID: 3519313897872176700}
  m_LocalRotation: {x: -0.016536133, y: 0, z: -0, w: 0.99986327}
  m_LocalPosition: {x: 0.005696392, y: -3.5527136e-17, z: 3.330669e-18}
  m_LocalScale: {x: 1, y: 1, z: 1}
  m_ConstrainProportionsScale: 0
  m_Children:
  - {fileID: 8617119145393432301}
  m_Father: {fileID: 5376041786275536959}
  m_RootOrder: 0
  m_LocalEulerAnglesHint: {x: -5.6432776, y: 0, z: 0}
--- !u!1 &3857811833407820725
GameObject:
  m_ObjectHideFlags: 0
  m_CorrespondingSourceObject: {fileID: 0}
  m_PrefabInstance: {fileID: 0}
  m_PrefabAsset: {fileID: 0}
  serializedVersion: 6
  m_Component:
  - component: {fileID: 1967646151874184882}
  m_Layer: 0
  m_Name: joint2_R
  m_TagString: Untagged
  m_Icon: {fileID: 0}
  m_NavMeshLayer: 0
  m_StaticEditorFlags: 0
  m_IsActive: 1
--- !u!4 &1967646151874184882
Transform:
  m_ObjectHideFlags: 0
  m_CorrespondingSourceObject: {fileID: 0}
  m_PrefabInstance: {fileID: 0}
  m_PrefabAsset: {fileID: 0}
  m_GameObject: {fileID: 3857811833407820725}
  m_LocalRotation: {x: 6.1391476e-18, y: -1.147482e-16, z: 0.098781526, w: 0.99510914}
  m_LocalPosition: {x: -0.0036805412, y: -2.6645352e-17, z: -1.1711977e-11}
  m_LocalScale: {x: 1, y: 1, z: 1}
  m_ConstrainProportionsScale: 0
  m_Children:
  - {fileID: 628121515032290098}
  m_Father: {fileID: 9979410488287687}
  m_RootOrder: 0
  m_LocalEulerAnglesHint: {x: 4.2118187, y: 4.158508, z: 8.888735}
--- !u!1 &3996440110956764406
GameObject:
  m_ObjectHideFlags: 0
  m_CorrespondingSourceObject: {fileID: 0}
  m_PrefabInstance: {fileID: 0}
  m_PrefabAsset: {fileID: 0}
  serializedVersion: 6
  m_Component:
  - component: {fileID: 6501952367677576120}
  m_Layer: 0
  m_Name: HeadEnd_M
  m_TagString: Untagged
  m_Icon: {fileID: 0}
  m_NavMeshLayer: 0
  m_StaticEditorFlags: 0
  m_IsActive: 1
--- !u!4 &6501952367677576120
Transform:
  m_ObjectHideFlags: 0
  m_CorrespondingSourceObject: {fileID: 0}
  m_PrefabInstance: {fileID: 0}
  m_PrefabAsset: {fileID: 0}
  m_GameObject: {fileID: 3996440110956764406}
  m_LocalRotation: {x: 0, y: -0, z: -0, w: 1}
  m_LocalPosition: {x: -0.020179173, y: 2.220446e-18, z: 3.830247e-18}
  m_LocalScale: {x: 1, y: 1, z: 1}
  m_ConstrainProportionsScale: 0
  m_Children: []
  m_Father: {fileID: 2580134334793845598}
  m_RootOrder: 2
  m_LocalEulerAnglesHint: {x: 0, y: 0, z: 0}
--- !u!1 &4139171772455435551
GameObject:
  m_ObjectHideFlags: 0
  m_CorrespondingSourceObject: {fileID: 0}
  m_PrefabInstance: {fileID: 0}
  m_PrefabAsset: {fileID: 0}
  serializedVersion: 6
  m_Component:
  - component: {fileID: 7067323283181193136}
  m_Layer: 0
  m_Name: joint1_L
  m_TagString: Untagged
  m_Icon: {fileID: 0}
  m_NavMeshLayer: 0
  m_StaticEditorFlags: 0
  m_IsActive: 1
--- !u!4 &7067323283181193136
Transform:
  m_ObjectHideFlags: 0
  m_CorrespondingSourceObject: {fileID: 0}
  m_PrefabInstance: {fileID: 0}
  m_PrefabAsset: {fileID: 0}
  m_GameObject: {fileID: 4139171772455435551}
  m_LocalRotation: {x: 0.1593332, y: 0.6893734, z: 0.6430063, w: -0.29312143}
  m_LocalPosition: {x: -0.011787403, y: -0.00692587, z: 0.013779617}
  m_LocalScale: {x: 1, y: 1, z: 1}
  m_ConstrainProportionsScale: 0
  m_Children:
  - {fileID: 4858269982132254758}
  m_Father: {fileID: 2580134334793845598}
  m_RootOrder: 4
  m_LocalEulerAnglesHint: {x: -72.94859, y: -97.32901, z: -51.00412}
--- !u!1 &4170608548011991264
GameObject:
  m_ObjectHideFlags: 0
  m_CorrespondingSourceObject: {fileID: 0}
  m_PrefabInstance: {fileID: 0}
  m_PrefabAsset: {fileID: 0}
  serializedVersion: 6
  m_Component:
  - component: {fileID: 2083786732906928112}
  m_Layer: 0
  m_Name: joint10_M
  m_TagString: Untagged
  m_Icon: {fileID: 0}
  m_NavMeshLayer: 0
  m_StaticEditorFlags: 0
  m_IsActive: 1
--- !u!4 &2083786732906928112
Transform:
  m_ObjectHideFlags: 0
  m_CorrespondingSourceObject: {fileID: 0}
  m_PrefabInstance: {fileID: 0}
  m_PrefabAsset: {fileID: 0}
  m_GameObject: {fileID: 4170608548011991264}
  m_LocalRotation: {x: 1.495805e-16, y: 1.8594552e-16, z: 0.9220197, w: -0.38714293}
  m_LocalPosition: {x: 0.0039854585, y: 0.014893391, z: -4.3021143e-18}
  m_LocalScale: {x: 1, y: 1, z: 1}
  m_ConstrainProportionsScale: 0
  m_Children:
  - {fileID: 8236670161190266630}
  m_Father: {fileID: 5240105239087057174}
  m_RootOrder: 0
  m_LocalEulerAnglesHint: {x: 17.421146, y: -6.511549, z: -132.87476}
--- !u!1 &4223576029663369681
GameObject:
  m_ObjectHideFlags: 0
  m_CorrespondingSourceObject: {fileID: 0}
  m_PrefabInstance: {fileID: 0}
  m_PrefabAsset: {fileID: 0}
  serializedVersion: 6
  m_Component:
  - component: {fileID: 1894367779824600876}
  m_Layer: 0
  m_Name: Wrist_R
  m_TagString: Untagged
  m_Icon: {fileID: 0}
  m_NavMeshLayer: 0
  m_StaticEditorFlags: 0
  m_IsActive: 1
--- !u!4 &1894367779824600876
Transform:
  m_ObjectHideFlags: 0
  m_CorrespondingSourceObject: {fileID: 0}
  m_PrefabInstance: {fileID: 0}
  m_PrefabAsset: {fileID: 0}
  m_GameObject: {fileID: 4223576029663369681}
  m_LocalRotation: {x: 0.634816, y: 0.020887613, z: -0.049114592, w: 0.7708178}
  m_LocalPosition: {x: -0.0059540165, y: -8.881784e-18, z: 2.220446e-18}
  m_LocalScale: {x: 1, y: 1, z: 1}
  m_ConstrainProportionsScale: 0
  m_Children:
  - {fileID: 4476512080876726313}
  m_Father: {fileID: 6833461014899202944}
  m_RootOrder: 0
  m_LocalEulerAnglesHint: {x: 72.88456, y: -14.185069, z: -5.677765}
--- !u!1 &4351169147653812682
GameObject:
  m_ObjectHideFlags: 0
  m_CorrespondingSourceObject: {fileID: 0}
  m_PrefabInstance: {fileID: 0}
  m_PrefabAsset: {fileID: 0}
  serializedVersion: 6
  m_Component:
  - component: {fileID: 2531089901907040060}
  m_Layer: 0
  m_Name: joint9_M
  m_TagString: Untagged
  m_Icon: {fileID: 0}
  m_NavMeshLayer: 0
  m_StaticEditorFlags: 0
  m_IsActive: 1
--- !u!4 &2531089901907040060
Transform:
  m_ObjectHideFlags: 0
  m_CorrespondingSourceObject: {fileID: 0}
  m_PrefabInstance: {fileID: 0}
  m_PrefabAsset: {fileID: 0}
  m_GameObject: {fileID: 4351169147653812682}
  m_LocalRotation: {x: 0, y: -0, z: -0, w: 1}
  m_LocalPosition: {x: -0.0104660485, y: 4.440892e-18, z: -1.6274446e-18}
  m_LocalScale: {x: 1, y: 1, z: 1}
  m_ConstrainProportionsScale: 0
  m_Children: []
  m_Father: {fileID: 2559319946002177618}
  m_RootOrder: 0
  m_LocalEulerAnglesHint: {x: 0, y: 0, z: 0}
--- !u!1 &4445026221810659807
GameObject:
  m_ObjectHideFlags: 0
  m_CorrespondingSourceObject: {fileID: 0}
  m_PrefabInstance: {fileID: 0}
  m_PrefabAsset: {fileID: 0}
  serializedVersion: 6
  m_Component:
  - component: {fileID: 5356291981191404385}
  m_Layer: 0
  m_Name: Knee_R
  m_TagString: Untagged
  m_Icon: {fileID: 0}
  m_NavMeshLayer: 0
  m_StaticEditorFlags: 0
  m_IsActive: 1
--- !u!4 &5356291981191404385
Transform:
  m_ObjectHideFlags: 0
  m_CorrespondingSourceObject: {fileID: 0}
  m_PrefabInstance: {fileID: 0}
  m_PrefabAsset: {fileID: 0}
  m_GameObject: {fileID: 4445026221810659807}
  m_LocalRotation: {x: -0.01071351, y: 0.0085811345, z: 0.6250948, w: 0.7804282}
  m_LocalPosition: {x: -0.0013508487, y: -5.595524e-16, z: -2.0430323e-14}
  m_LocalScale: {x: 1, y: 1, z: 1}
  m_ConstrainProportionsScale: 0
  m_Children:
  - {fileID: 8171196395471234364}
  m_Father: {fileID: 6406908163495571959}
  m_RootOrder: 0
  m_LocalEulerAnglesHint: {x: -4.2272615, y: 0.004832615, z: 83.05552}
--- !u!1 &4489102921182735828
GameObject:
  m_ObjectHideFlags: 0
  m_CorrespondingSourceObject: {fileID: 0}
  m_PrefabInstance: {fileID: 0}
  m_PrefabAsset: {fileID: 0}
  serializedVersion: 6
  m_Component:
  - component: {fileID: 932910378644146013}
  m_Layer: 0
  m_Name: ShoulderPart1_R
  m_TagString: Untagged
  m_Icon: {fileID: 0}
  m_NavMeshLayer: 0
  m_StaticEditorFlags: 0
  m_IsActive: 1
--- !u!4 &932910378644146013
Transform:
  m_ObjectHideFlags: 0
  m_CorrespondingSourceObject: {fileID: 0}
  m_PrefabInstance: {fileID: 0}
  m_PrefabAsset: {fileID: 0}
  m_GameObject: {fileID: 4489102921182735828}
  m_LocalRotation: {x: 0.0036338202, y: -0, z: -0, w: 0.9999934}
  m_LocalPosition: {x: -0.005696392, y: -8.881784e-18, z: 0}
  m_LocalScale: {x: 1, y: 1, z: 1}
  m_ConstrainProportionsScale: 0
  m_Children:
  - {fileID: 3432244073607880613}
  m_Father: {fileID: 5834328574057693622}
  m_RootOrder: 0
  m_LocalEulerAnglesHint: {x: 0.48888743, y: 0, z: 0}
--- !u!1 &4605861846622954329
GameObject:
  m_ObjectHideFlags: 0
  m_CorrespondingSourceObject: {fileID: 0}
  m_PrefabInstance: {fileID: 0}
  m_PrefabAsset: {fileID: 0}
  serializedVersion: 6
  m_Component:
  - component: {fileID: 514701675863622747}
  m_Layer: 0
  m_Name: Spine1_M
  m_TagString: Untagged
  m_Icon: {fileID: 0}
  m_NavMeshLayer: 0
  m_StaticEditorFlags: 0
  m_IsActive: 1
--- !u!4 &514701675863622747
Transform:
  m_ObjectHideFlags: 0
  m_CorrespondingSourceObject: {fileID: 0}
  m_PrefabInstance: {fileID: 0}
  m_PrefabAsset: {fileID: 0}
  m_GameObject: {fileID: 4605861846622954329}
  m_LocalRotation: {x: 0.0053186673, y: 0.0000034730845, z: -0.015025794, w: 0.999873}
  m_LocalPosition: {x: -0.004843418, y: -3.0531133e-18, z: -4.6837535e-18}
  m_LocalScale: {x: 1, y: 1, z: 1}
  m_ConstrainProportionsScale: 0
  m_Children:
  - {fileID: 578881867451953491}
  m_Father: {fileID: 8116263682664398396}
  m_RootOrder: 0
  m_LocalEulerAnglesHint: {x: -0.9429554, y: -0.31149638, z: -2.2437403}
--- !u!1 &4886851148778692869
GameObject:
  m_ObjectHideFlags: 0
  m_CorrespondingSourceObject: {fileID: 0}
  m_PrefabInstance: {fileID: 0}
  m_PrefabAsset: {fileID: 0}
  serializedVersion: 6
  m_Component:
  - component: {fileID: 3053221357763234183}
  m_Layer: 0
  m_Name: Scapula_L
  m_TagString: Untagged
  m_Icon: {fileID: 0}
  m_NavMeshLayer: 0
  m_StaticEditorFlags: 0
  m_IsActive: 1
--- !u!4 &3053221357763234183
Transform:
  m_ObjectHideFlags: 0
  m_CorrespondingSourceObject: {fileID: 0}
  m_PrefabInstance: {fileID: 0}
  m_PrefabAsset: {fileID: 0}
  m_GameObject: {fileID: 4886851148778692869}
  m_LocalRotation: {x: 0.904769, y: -0.016404942, z: 0.42438036, w: -0.0320189}
  m_LocalPosition: {x: -0.012172565, y: -0.00052042515, z: 0.009213073}
  m_LocalScale: {x: 1, y: 1, z: 1}
  m_ConstrainProportionsScale: 0
  m_Children:
  - {fileID: 7767409690687172767}
  m_Father: {fileID: 7878351932315351525}
  m_RootOrder: 1
  m_LocalEulerAnglesHint: {x: -4.779225, y: 126.06379, z: 149.27556}
--- !u!1 &4976476346229989229
GameObject:
  m_ObjectHideFlags: 0
  m_CorrespondingSourceObject: {fileID: 0}
  m_PrefabInstance: {fileID: 0}
  m_PrefabAsset: {fileID: 0}
  serializedVersion: 6
  m_Component:
  - component: {fileID: 1197087447821498169}
  m_Layer: 0
  m_Name: ToesEnd_L
  m_TagString: Untagged
  m_Icon: {fileID: 0}
  m_NavMeshLayer: 0
  m_StaticEditorFlags: 0
  m_IsActive: 1
--- !u!4 &1197087447821498169
Transform:
  m_ObjectHideFlags: 0
  m_CorrespondingSourceObject: {fileID: 0}
  m_PrefabInstance: {fileID: 0}
  m_PrefabAsset: {fileID: 0}
  m_GameObject: {fileID: 4976476346229989229}
  m_LocalRotation: {x: 0, y: -0, z: -0, w: 1}
  m_LocalPosition: {x: 0.0010046306, y: -1.110223e-18, z: 0}
  m_LocalScale: {x: 1, y: 1, z: 1}
  m_ConstrainProportionsScale: 0
  m_Children: []
  m_Father: {fileID: 3511067860177398797}
  m_RootOrder: 0
  m_LocalEulerAnglesHint: {x: 0, y: 0, z: 0}
--- !u!1 &5061818778328106040
GameObject:
  m_ObjectHideFlags: 0
  m_CorrespondingSourceObject: {fileID: 0}
  m_PrefabInstance: {fileID: 0}
  m_PrefabAsset: {fileID: 0}
  serializedVersion: 6
  m_Component:
  - component: {fileID: 8116263682664398396}
  m_Layer: 0
  m_Name: RootPart2_M
  m_TagString: Untagged
  m_Icon: {fileID: 0}
  m_NavMeshLayer: 0
  m_StaticEditorFlags: 0
  m_IsActive: 1
--- !u!4 &8116263682664398396
Transform:
  m_ObjectHideFlags: 0
  m_CorrespondingSourceObject: {fileID: 0}
  m_PrefabInstance: {fileID: 0}
  m_PrefabAsset: {fileID: 0}
  m_GameObject: {fileID: 5061818778328106040}
  m_LocalRotation: {x: 0.020230789, y: 0.009441166, z: -0.0072130146, w: 0.99972475}
  m_LocalPosition: {x: -0.004843418, y: -4.9960034e-18, z: -1.179612e-18}
  m_LocalScale: {x: 1, y: 1, z: 1}
  m_ConstrainProportionsScale: 0
  m_Children:
  - {fileID: 514701675863622747}
  m_Father: {fileID: 758228850607889195}
  m_RootOrder: 0
  m_LocalEulerAnglesHint: {x: 2.0517428, y: 1.4100101, z: -1.3355181}
--- !u!1 &5251806985687854556
GameObject:
  m_ObjectHideFlags: 0
  m_CorrespondingSourceObject: {fileID: 0}
  m_PrefabInstance: {fileID: 0}
  m_PrefabAsset: {fileID: 0}
  serializedVersion: 6
  m_Component:
  - component: {fileID: 7767409690687172767}
  m_Layer: 0
  m_Name: Shoulder_L
  m_TagString: Untagged
  m_Icon: {fileID: 0}
  m_NavMeshLayer: 0
  m_StaticEditorFlags: 0
  m_IsActive: 1
--- !u!4 &7767409690687172767
Transform:
  m_ObjectHideFlags: 0
  m_CorrespondingSourceObject: {fileID: 0}
  m_PrefabInstance: {fileID: 0}
  m_PrefabAsset: {fileID: 0}
  m_GameObject: {fileID: 5251806985687854556}
  m_LocalRotation: {x: -0.6387354, y: -0.13543011, z: -0.0056399913, w: 0.7573929}
  m_LocalPosition: {x: 0.007499117, y: 1.4166445e-15, z: 2.6645352e-17}
  m_LocalScale: {x: 1, y: 1, z: 1}
  m_ConstrainProportionsScale: 0
  m_Children:
  - {fileID: 5376041786275536959}
  m_Father: {fileID: 3053221357763234183}
  m_RootOrder: 0
  m_LocalEulerAnglesHint: {x: -66.60033, y: 57.23035, z: -74.47362}
--- !u!1 &5447645122867185502
GameObject:
  m_ObjectHideFlags: 0
  m_CorrespondingSourceObject: {fileID: 0}
  m_PrefabInstance: {fileID: 0}
  m_PrefabAsset: {fileID: 0}
  serializedVersion: 6
  m_Component:
  - component: {fileID: 5834328574057693622}
  m_Layer: 0
  m_Name: Shoulder_R
  m_TagString: Untagged
  m_Icon: {fileID: 0}
  m_NavMeshLayer: 0
  m_StaticEditorFlags: 0
  m_IsActive: 1
--- !u!4 &5834328574057693622
Transform:
  m_ObjectHideFlags: 0
  m_CorrespondingSourceObject: {fileID: 0}
  m_PrefabInstance: {fileID: 0}
  m_PrefabAsset: {fileID: 0}
  m_GameObject: {fileID: 5447645122867185502}
  m_LocalRotation: {x: -0.64252776, y: 0.01769769, z: -0.097627535, w: 0.75981164}
  m_LocalPosition: {x: -0.007499117, y: -1.4152915e-15, z: -8.881784e-18}
  m_LocalScale: {x: 1, y: 1, z: 1}
  m_ConstrainProportionsScale: 0
  m_Children:
  - {fileID: 932910378644146013}
  m_Father: {fileID: 1698247435697195594}
  m_RootOrder: 0
  m_LocalEulerAnglesHint: {x: -68.56348, y: -74.69777, z: 52.373756}
--- !u!1 &5532633639965577795
GameObject:
  m_ObjectHideFlags: 0
  m_CorrespondingSourceObject: {fileID: 0}
  m_PrefabInstance: {fileID: 0}
  m_PrefabAsset: {fileID: 0}
  serializedVersion: 6
  m_Component:
  - component: {fileID: 3341024508934223281}
  m_Layer: 0
  m_Name: JawEnd_M
  m_TagString: Untagged
  m_Icon: {fileID: 0}
  m_NavMeshLayer: 0
  m_StaticEditorFlags: 0
  m_IsActive: 1
--- !u!4 &3341024508934223281
Transform:
  m_ObjectHideFlags: 0
  m_CorrespondingSourceObject: {fileID: 0}
  m_PrefabInstance: {fileID: 0}
  m_PrefabAsset: {fileID: 0}
  m_GameObject: {fileID: 5532633639965577795}
  m_LocalRotation: {x: 0, y: -0, z: -0, w: 1}
  m_LocalPosition: {x: -0.0017353754, y: -3.5527136e-17, z: -3.0667114e-19}
  m_LocalScale: {x: 1, y: 1, z: 1}
  m_ConstrainProportionsScale: 0
  m_Children: []
  m_Father: {fileID: 4222910091104971173}
  m_RootOrder: 0
  m_LocalEulerAnglesHint: {x: 0, y: 0, z: 0}
--- !u!1 &5955963601122899313
GameObject:
  m_ObjectHideFlags: 0
  m_CorrespondingSourceObject: {fileID: 0}
  m_PrefabInstance: {fileID: 0}
  m_PrefabAsset: {fileID: 0}
  serializedVersion: 6
  m_Component:
  - component: {fileID: 7725309900254658633}
  m_Layer: 0
  m_Name: EyeEnd_R
  m_TagString: Untagged
  m_Icon: {fileID: 0}
  m_NavMeshLayer: 0
  m_StaticEditorFlags: 0
  m_IsActive: 1
--- !u!4 &7725309900254658633
Transform:
  m_ObjectHideFlags: 0
  m_CorrespondingSourceObject: {fileID: 0}
  m_PrefabInstance: {fileID: 0}
  m_PrefabAsset: {fileID: 0}
  m_GameObject: {fileID: 5955963601122899313}
  m_LocalRotation: {x: 0, y: -0, z: -0, w: 1}
  m_LocalPosition: {x: -0.00027382537, y: -1.7763568e-17, z: 2.9143353e-18}
  m_LocalScale: {x: 1, y: 1, z: 1}
  m_ConstrainProportionsScale: 0
  m_Children: []
  m_Father: {fileID: 6454459590121009510}
  m_RootOrder: 0
  m_LocalEulerAnglesHint: {x: 0, y: 0, z: 0}
--- !u!1 &5969644014485932561
GameObject:
  m_ObjectHideFlags: 0
  m_CorrespondingSourceObject: {fileID: 0}
  m_PrefabInstance: {fileID: 0}
  m_PrefabAsset: {fileID: 0}
  serializedVersion: 6
  m_Component:
  - component: {fileID: 5979277194882734515}
  m_Layer: 0
  m_Name: MiddleFinger1_L
  m_TagString: Untagged
  m_Icon: {fileID: 0}
  m_NavMeshLayer: 0
  m_StaticEditorFlags: 0
  m_IsActive: 1
--- !u!4 &5979277194882734515
Transform:
  m_ObjectHideFlags: 0
  m_CorrespondingSourceObject: {fileID: 0}
  m_PrefabInstance: {fileID: 0}
  m_PrefabAsset: {fileID: 0}
  m_GameObject: {fileID: 5969644014485932561}
  m_LocalRotation: {x: 0, y: -0, z: -0, w: 1}
  m_LocalPosition: {x: 0.009159478, y: -4.2883913e-12, z: 2.3074253e-12}
  m_LocalScale: {x: 1, y: 1, z: 1}
  m_ConstrainProportionsScale: 0
  m_Children: []
  m_Father: {fileID: 5974474555673581906}
  m_RootOrder: 0
  m_LocalEulerAnglesHint: {x: 0, y: 0, z: 0}
--- !u!1 &6303181722365480299
GameObject:
  m_ObjectHideFlags: 0
  m_CorrespondingSourceObject: {fileID: 0}
  m_PrefabInstance: {fileID: 0}
  m_PrefabAsset: {fileID: 0}
  serializedVersion: 6
  m_Component:
  - component: {fileID: 1393461532359808274}
  m_Layer: 0
  m_Name: Ankle_L
  m_TagString: Untagged
  m_Icon: {fileID: 0}
  m_NavMeshLayer: 0
  m_StaticEditorFlags: 0
  m_IsActive: 1
--- !u!4 &1393461532359808274
Transform:
  m_ObjectHideFlags: 0
  m_CorrespondingSourceObject: {fileID: 0}
  m_PrefabInstance: {fileID: 0}
  m_PrefabAsset: {fileID: 0}
  m_GameObject: {fileID: 6303181722365480299}
  m_LocalRotation: {x: -0.08594212, y: 0.019778622, z: -0.037637476, w: 0.9953925}
  m_LocalPosition: {x: 0.006454139, y: -7.5606074e-13, z: 6.5099036e-14}
  m_LocalScale: {x: 1, y: 1, z: 1}
  m_ConstrainProportionsScale: 0
  m_Children:
  - {fileID: 3511067860177398797}
  m_Father: {fileID: 4637272511648435783}
  m_RootOrder: 0
  m_LocalEulerAnglesHint: {x: -11.244462, y: 3.3237252, z: -12.310179}
--- !u!1 &6528246344684100647
GameObject:
  m_ObjectHideFlags: 0
  m_CorrespondingSourceObject: {fileID: 0}
  m_PrefabInstance: {fileID: 0}
  m_PrefabAsset: {fileID: 0}
  serializedVersion: 6
  m_Component:
  - component: {fileID: 5376041786275536959}
  m_Layer: 0
  m_Name: ShoulderPart1_L
  m_TagString: Untagged
  m_Icon: {fileID: 0}
  m_NavMeshLayer: 0
  m_StaticEditorFlags: 0
  m_IsActive: 1
--- !u!4 &5376041786275536959
Transform:
  m_ObjectHideFlags: 0
  m_CorrespondingSourceObject: {fileID: 0}
  m_PrefabInstance: {fileID: 0}
  m_PrefabAsset: {fileID: 0}
  m_GameObject: {fileID: 6528246344684100647}
  m_LocalRotation: {x: -0.016536133, y: 0, z: -0, w: 0.99986327}
  m_LocalPosition: {x: 0.005696392, y: 8.881784e-18, z: 6.1062266e-18}
  m_LocalScale: {x: 1, y: 1, z: 1}
  m_ConstrainProportionsScale: 0
  m_Children:
  - {fileID: 1099810820644714915}
  m_Father: {fileID: 7767409690687172767}
  m_RootOrder: 0
  m_LocalEulerAnglesHint: {x: -5.6432776, y: 0, z: 0}
--- !u!1 &6697122154170828967
GameObject:
  m_ObjectHideFlags: 0
  m_CorrespondingSourceObject: {fileID: 0}
  m_PrefabInstance: {fileID: 0}
  m_PrefabAsset: {fileID: 0}
  serializedVersion: 6
  m_Component:
  - component: {fileID: 3697886283334076800}
  m_Layer: 0
  m_Name: joint4_M
  m_TagString: Untagged
  m_Icon: {fileID: 0}
  m_NavMeshLayer: 0
  m_StaticEditorFlags: 0
  m_IsActive: 1
--- !u!4 &3697886283334076800
Transform:
  m_ObjectHideFlags: 0
  m_CorrespondingSourceObject: {fileID: 0}
  m_PrefabInstance: {fileID: 0}
  m_PrefabAsset: {fileID: 0}
  m_GameObject: {fileID: 6697122154170828967}
  m_LocalRotation: {x: -0.06812812, y: 0.07906286, z: 0.75173324, w: 0.6511565}
  m_LocalPosition: {x: -0.0066670524, y: -0.01923552, z: -1.7347235e-17}
  m_LocalScale: {x: 1, y: 1, z: 1}
  m_ConstrainProportionsScale: 0
  m_Children:
  - {fileID: 5029697826611386014}
  m_Father: {fileID: 22566399834545660}
  m_RootOrder: 2
  m_LocalEulerAnglesHint: {x: -15.286855, y: -1.3075277, z: 99.486206}
--- !u!1 &6807996500621181641
GameObject:
  m_ObjectHideFlags: 0
  m_CorrespondingSourceObject: {fileID: 0}
  m_PrefabInstance: {fileID: 0}
  m_PrefabAsset: {fileID: 0}
  serializedVersion: 6
  m_Component:
  - component: {fileID: 628121515032290098}
  m_Layer: 0
  m_Name: joint3_R
  m_TagString: Untagged
  m_Icon: {fileID: 0}
  m_NavMeshLayer: 0
  m_StaticEditorFlags: 0
  m_IsActive: 1
--- !u!4 &628121515032290098
Transform:
  m_ObjectHideFlags: 0
  m_CorrespondingSourceObject: {fileID: 0}
  m_PrefabInstance: {fileID: 0}
  m_PrefabAsset: {fileID: 0}
  m_GameObject: {fileID: 6807996500621181641}
  m_LocalRotation: {x: 0, y: -0, z: -0, w: 1}
  m_LocalPosition: {x: -0.005815432, y: -4.440892e-18, z: 2.1132707e-18}
  m_LocalScale: {x: 1, y: 1, z: 1}
  m_ConstrainProportionsScale: 0
  m_Children: []
  m_Father: {fileID: 1967646151874184882}
  m_RootOrder: 0
  m_LocalEulerAnglesHint: {x: 0, y: 0, z: 0}
--- !u!1 &6843496118743517657
GameObject:
  m_ObjectHideFlags: 0
  m_CorrespondingSourceObject: {fileID: 0}
  m_PrefabInstance: {fileID: 0}
  m_PrefabAsset: {fileID: 0}
  serializedVersion: 6
  m_Component:
  - component: {fileID: 6833461014899202944}
  m_Layer: 0
  m_Name: ElbowPart2_R
  m_TagString: Untagged
  m_Icon: {fileID: 0}
  m_NavMeshLayer: 0
  m_StaticEditorFlags: 0
  m_IsActive: 1
--- !u!4 &6833461014899202944
Transform:
  m_ObjectHideFlags: 0
  m_CorrespondingSourceObject: {fileID: 0}
  m_PrefabInstance: {fileID: 0}
  m_PrefabAsset: {fileID: 0}
  m_GameObject: {fileID: 6843496118743517657}
  m_LocalRotation: {x: -0.022765461, y: 0, z: -0, w: 0.99974084}
  m_LocalPosition: {x: -0.0059540165, y: 0, z: 1.3322676e-17}
  m_LocalScale: {x: 1, y: 1, z: 1}
  m_ConstrainProportionsScale: 0
  m_Children:
  - {fileID: 1894367779824600876}
  m_Father: {fileID: 5063481844248115128}
  m_RootOrder: 0
  m_LocalEulerAnglesHint: {x: -8.28503, y: 0, z: 0}
--- !u!1 &6857756201635731451
GameObject:
  m_ObjectHideFlags: 0
  m_CorrespondingSourceObject: {fileID: 0}
  m_PrefabInstance: {fileID: 0}
  m_PrefabAsset: {fileID: 0}
  serializedVersion: 6
  m_Component:
  - component: {fileID: 1241291190796638222}
  m_Layer: 0
  m_Name: NeckPart1_M
  m_TagString: Untagged
  m_Icon: {fileID: 0}
  m_NavMeshLayer: 0
  m_StaticEditorFlags: 0
  m_IsActive: 1
--- !u!4 &1241291190796638222
Transform:
  m_ObjectHideFlags: 0
  m_CorrespondingSourceObject: {fileID: 0}
  m_PrefabInstance: {fileID: 0}
  m_PrefabAsset: {fileID: 0}
  m_GameObject: {fileID: 6857756201635731451}
  m_LocalRotation: {x: -0.004394497, y: 0.0028867328, z: 0.008286744, w: 0.99995184}
  m_LocalPosition: {x: -0.0056887344, y: -3.4972025e-17, z: 1.040834e-18}
  m_LocalScale: {x: 1, y: 1, z: 1}
  m_ConstrainProportionsScale: 0
  m_Children:
  - {fileID: 4992070104911213511}
  m_Father: {fileID: 5240105239087057174}
  m_RootOrder: 1
  m_LocalEulerAnglesHint: {x: 1.3004456, y: 1.5345211, z: 0.93568206}
--- !u!1 &6878655863441630116
GameObject:
  m_ObjectHideFlags: 0
  m_CorrespondingSourceObject: {fileID: 0}
  m_PrefabInstance: {fileID: 0}
  m_PrefabAsset: {fileID: 0}
  serializedVersion: 6
  m_Component:
  - component: {fileID: 5551639918233762069}
  m_Layer: 0
  m_Name: Spine1Part2_M
  m_TagString: Untagged
  m_Icon: {fileID: 0}
  m_NavMeshLayer: 0
  m_StaticEditorFlags: 0
  m_IsActive: 1
--- !u!4 &5551639918233762069
Transform:
  m_ObjectHideFlags: 0
  m_CorrespondingSourceObject: {fileID: 0}
  m_PrefabInstance: {fileID: 0}
  m_PrefabAsset: {fileID: 0}
  m_GameObject: {fileID: 6878655863441630116}
  m_LocalRotation: {x: 0.005318447, y: 0.00004853179, z: -0.006554502, w: 0.9999644}
  m_LocalPosition: {x: -0.00646027, y: 4.2743585e-17, z: -1.0581813e-18}
  m_LocalScale: {x: 1, y: 1, z: 1}
  m_ConstrainProportionsScale: 0
  m_Children:
  - {fileID: 7878351932315351525}
  m_Father: {fileID: 578881867451953491}
  m_RootOrder: 0
  m_LocalEulerAnglesHint: {x: -0.9375446, y: -0.32743347, z: -1.2726905}
--- !u!1 &6930626234887731704
GameObject:
  m_ObjectHideFlags: 0
  m_CorrespondingSourceObject: {fileID: 0}
  m_PrefabInstance: {fileID: 0}
  m_PrefabAsset: {fileID: 0}
  serializedVersion: 6
  m_Component:
  - component: {fileID: 3118853662147092897}
  m_Layer: 0
  m_Name: Hip_R
  m_TagString: Untagged
  m_Icon: {fileID: 0}
  m_NavMeshLayer: 0
  m_StaticEditorFlags: 0
  m_IsActive: 1
--- !u!4 &3118853662147092897
Transform:
  m_ObjectHideFlags: 0
  m_CorrespondingSourceObject: {fileID: 0}
  m_PrefabInstance: {fileID: 0}
  m_PrefabAsset: {fileID: 0}
  m_GameObject: {fileID: 6930626234887731704}
  m_LocalRotation: {x: -0.3615355, y: 0.9270916, z: -0.05860727, w: -0.07973979}
  m_LocalPosition: {x: 0.0029820013, y: -0.00016655406, z: -0.014623119}
  m_LocalScale: {x: 1, y: 1, z: 1}
  m_ConstrainProportionsScale: 0
  m_Children:
  - {fileID: 219056360908950874}
  m_Father: {fileID: 22566399834545660}
  m_RootOrder: 1
  m_LocalEulerAnglesHint: {x: 6.969509, y: -178.87793, z: -59.323143}
--- !u!1 &6966672170102401203
GameObject:
  m_ObjectHideFlags: 0
  m_CorrespondingSourceObject: {fileID: 0}
  m_PrefabInstance: {fileID: 0}
  m_PrefabAsset: {fileID: 0}
  serializedVersion: 6
  m_Component:
  - component: {fileID: 1698247435697195594}
  m_Layer: 0
  m_Name: Scapula_R
  m_TagString: Untagged
  m_Icon: {fileID: 0}
  m_NavMeshLayer: 0
  m_StaticEditorFlags: 0
  m_IsActive: 1
--- !u!4 &1698247435697195594
Transform:
  m_ObjectHideFlags: 0
  m_CorrespondingSourceObject: {fileID: 0}
  m_PrefabInstance: {fileID: 0}
  m_PrefabAsset: {fileID: 0}
  m_GameObject: {fileID: 6966672170102401203}
  m_LocalRotation: {x: -0.06878561, y: 0.9138741, z: 0.00036694793, w: -0.4001283}
  m_LocalPosition: {x: -0.012172565, y: -0.00052042515, z: -0.009213073}
  m_LocalScale: {x: 1, y: 1, z: 1}
  m_ConstrainProportionsScale: 0
  m_Children:
  - {fileID: 5834328574057693622}
  m_Father: {fileID: 7878351932315351525}
  m_RootOrder: 2
  m_LocalEulerAnglesHint: {x: 3.4920044, y: -136.89166, z: 33.50302}
--- !u!1 &7023281612889913755
GameObject:
  m_ObjectHideFlags: 0
  m_CorrespondingSourceObject: {fileID: 0}
  m_PrefabInstance: {fileID: 0}
  m_PrefabAsset: {fileID: 0}
  serializedVersion: 6
  m_Component:
  - component: {fileID: 321961827691976186}
  m_Layer: 0
  m_Name: Toes_R
  m_TagString: Untagged
  m_Icon: {fileID: 0}
  m_NavMeshLayer: 0
  m_StaticEditorFlags: 0
  m_IsActive: 1
--- !u!4 &321961827691976186
Transform:
  m_ObjectHideFlags: 0
  m_CorrespondingSourceObject: {fileID: 0}
  m_PrefabInstance: {fileID: 0}
  m_PrefabAsset: {fileID: 0}
  m_GameObject: {fileID: 7023281612889913755}
  m_LocalRotation: {x: 0.0045593274, y: 0.0039822776, z: -0.6578248, w: 0.75314665}
  m_LocalPosition: {x: -0.0010674758, y: 0.0021512709, z: 2.704674e-11}
  m_LocalScale: {x: 1, y: 1, z: 1}
  m_ConstrainProportionsScale: 0
  m_Children:
  - {fileID: 1973754011821281140}
  m_Father: {fileID: 8171196395471234364}
  m_RootOrder: 0
  m_LocalEulerAnglesHint: {x: 0.693695, y: 0.000000019345784, z: -82.27021}
--- !u!1 &7100792012629738747
GameObject:
  m_ObjectHideFlags: 0
  m_CorrespondingSourceObject: {fileID: 0}
  m_PrefabInstance: {fileID: 0}
  m_PrefabAsset: {fileID: 0}
  serializedVersion: 6
  m_Component:
  - component: {fileID: 5206941153568771839}
  m_Layer: 0
  m_Name: joint7_M
  m_TagString: Untagged
  m_Icon: {fileID: 0}
  m_NavMeshLayer: 0
  m_StaticEditorFlags: 0
  m_IsActive: 1
--- !u!4 &5206941153568771839
Transform:
  m_ObjectHideFlags: 0
  m_CorrespondingSourceObject: {fileID: 0}
  m_PrefabInstance: {fileID: 0}
  m_PrefabAsset: {fileID: 0}
  m_GameObject: {fileID: 7100792012629738747}
  m_LocalRotation: {x: 0.006494439, y: 0.103409186, z: 0.084307246, w: 0.9910382}
  m_LocalPosition: {x: -0.007488638, y: 1.4691619e-10, z: -1.4691616e-10}
  m_LocalScale: {x: 1, y: 1, z: 1}
  m_ConstrainProportionsScale: 0
  m_Children:
  - {fileID: 2559319946002177618}
  m_Father: {fileID: 8732453429595826015}
  m_RootOrder: 0
  m_LocalEulerAnglesHint: {x: -1.3096793, y: 4.0255785, z: 15.326738}
--- !u!1 &7354811326205383293
GameObject:
  m_ObjectHideFlags: 0
  m_CorrespondingSourceObject: {fileID: 0}
  m_PrefabInstance: {fileID: 0}
  m_PrefabAsset: {fileID: 0}
  serializedVersion: 6
  m_Component:
  - component: {fileID: 439560854635997328}
  m_Layer: 0
  m_Name: HipPart2_L
  m_TagString: Untagged
  m_Icon: {fileID: 0}
  m_NavMeshLayer: 0
  m_StaticEditorFlags: 0
  m_IsActive: 1
--- !u!4 &439560854635997328
Transform:
  m_ObjectHideFlags: 0
  m_CorrespondingSourceObject: {fileID: 0}
  m_PrefabInstance: {fileID: 0}
  m_PrefabAsset: {fileID: 0}
  m_GameObject: {fileID: 7354811326205383293}
  m_LocalRotation: {x: 0.020907478, y: -0, z: -0, w: 0.9997814}
  m_LocalPosition: {x: 0.0013508487, y: -1.5939471e-13, z: 7.1409545e-15}
  m_LocalScale: {x: 1, y: 1, z: 1}
  m_ConstrainProportionsScale: 0
  m_Children:
  - {fileID: 4637272511648435783}
  m_Father: {fileID: 9097283756020620928}
  m_RootOrder: 0
  m_LocalEulerAnglesHint: {x: 4.819773, y: 0, z: 0}
--- !u!1 &7527945966390459719
GameObject:
  m_ObjectHideFlags: 0
  m_CorrespondingSourceObject: {fileID: 0}
  m_PrefabInstance: {fileID: 0}
  m_PrefabAsset: {fileID: 0}
  serializedVersion: 6
  m_Component:
  - component: {fileID: 1973754011821281140}
  m_Layer: 0
  m_Name: ToesEnd_R
  m_TagString: Untagged
  m_Icon: {fileID: 0}
  m_NavMeshLayer: 0
  m_StaticEditorFlags: 0
  m_IsActive: 1
--- !u!4 &1973754011821281140
Transform:
  m_ObjectHideFlags: 0
  m_CorrespondingSourceObject: {fileID: 0}
  m_PrefabInstance: {fileID: 0}
  m_PrefabAsset: {fileID: 0}
  m_GameObject: {fileID: 7527945966390459719}
  m_LocalRotation: {x: 0.00000017541642, y: 0.000001292348, z: -2.2669903e-13, w: 1}
  m_LocalPosition: {x: -0.0010046306, y: -4.540812e-16, z: 0.0000000025966644}
  m_LocalScale: {x: 1, y: 1, z: 1}
  m_ConstrainProportionsScale: 0
  m_Children: []
  m_Father: {fileID: 321961827691976186}
  m_RootOrder: 0
  m_LocalEulerAnglesHint: {x: 0.000018769757, y: 0.0001493283, z: 2.2519804e-18}
--- !u!1 &7883335143466409370
GameObject:
  m_ObjectHideFlags: 0
  m_CorrespondingSourceObject: {fileID: 0}
  m_PrefabInstance: {fileID: 0}
  m_PrefabAsset: {fileID: 0}
  serializedVersion: 6
  m_Component:
  - component: {fileID: 7392307090651879999}
  m_Layer: 0
  m_Name: DeformationSystem
  m_TagString: Untagged
  m_Icon: {fileID: 0}
  m_NavMeshLayer: 0
  m_StaticEditorFlags: 0
  m_IsActive: 1
--- !u!4 &7392307090651879999
Transform:
  m_ObjectHideFlags: 0
  m_CorrespondingSourceObject: {fileID: 0}
  m_PrefabInstance: {fileID: 0}
  m_PrefabAsset: {fileID: 0}
  m_GameObject: {fileID: 7883335143466409370}
  m_LocalRotation: {x: 0, y: -0, z: -0, w: 1}
  m_LocalPosition: {x: -0, y: 0, z: 0}
  m_LocalScale: {x: 1, y: 1, z: 1}
  m_ConstrainProportionsScale: 0
  m_Children:
  - {fileID: 22566399834545660}
  m_Father: {fileID: 307459480395963617}
  m_RootOrder: 0
  m_LocalEulerAnglesHint: {x: 0, y: 0, z: 0}
--- !u!1 &8120454683001801766
GameObject:
  m_ObjectHideFlags: 0
  m_CorrespondingSourceObject: {fileID: 0}
  m_PrefabInstance: {fileID: 0}
  m_PrefabAsset: {fileID: 0}
  serializedVersion: 6
  m_Component:
  - component: {fileID: 3168937894394351379}
  m_Layer: 0
  m_Name: ElbowPart2_L
  m_TagString: Untagged
  m_Icon: {fileID: 0}
  m_NavMeshLayer: 0
  m_StaticEditorFlags: 0
  m_IsActive: 1
--- !u!4 &3168937894394351379
Transform:
  m_ObjectHideFlags: 0
  m_CorrespondingSourceObject: {fileID: 0}
  m_PrefabInstance: {fileID: 0}
  m_PrefabAsset: {fileID: 0}
  m_GameObject: {fileID: 8120454683001801766}
  m_LocalRotation: {x: -0.009480693, y: 0, z: -0, w: 0.99995506}
  m_LocalPosition: {x: 0.0059540165, y: -8.881784e-18, z: -4.440892e-18}
  m_LocalScale: {x: 1, y: 1, z: 1}
  m_ConstrainProportionsScale: 0
  m_Children:
  - {fileID: 5974474555673581906}
  m_Father: {fileID: 8732324029977967087}
  m_RootOrder: 0
  m_LocalEulerAnglesHint: {x: -2.640592, y: 0, z: 0}
--- !u!1 &8293054902227296202
GameObject:
  m_ObjectHideFlags: 0
  m_CorrespondingSourceObject: {fileID: 0}
  m_PrefabInstance: {fileID: 0}
  m_PrefabAsset: {fileID: 0}
  serializedVersion: 6
  m_Component:
  - component: {fileID: 3605788646636587518}
  m_Layer: 0
  m_Name: joint3_L
  m_TagString: Untagged
  m_Icon: {fileID: 0}
  m_NavMeshLayer: 0
  m_StaticEditorFlags: 0
  m_IsActive: 1
--- !u!4 &3605788646636587518
Transform:
  m_ObjectHideFlags: 0
  m_CorrespondingSourceObject: {fileID: 0}
  m_PrefabInstance: {fileID: 0}
  m_PrefabAsset: {fileID: 0}
  m_GameObject: {fileID: 8293054902227296202}
  m_LocalRotation: {x: 0, y: -0, z: -0, w: 1}
  m_LocalPosition: {x: 0.005815432, y: -8.881784e-18, z: -2.0343645e-18}
  m_LocalScale: {x: 1, y: 1, z: 1}
  m_ConstrainProportionsScale: 0
  m_Children: []
  m_Father: {fileID: 4858269982132254758}
  m_RootOrder: 0
  m_LocalEulerAnglesHint: {x: 0, y: 0, z: 0}
--- !u!1 &8445362994833123185
GameObject:
  m_ObjectHideFlags: 0
  m_CorrespondingSourceObject: {fileID: 0}
  m_PrefabInstance: {fileID: 0}
  m_PrefabAsset: {fileID: 0}
  serializedVersion: 6
  m_Component:
  - component: {fileID: 3342768155271999901}
  m_Layer: 0
  m_Name: Elbow_R
  m_TagString: Untagged
  m_Icon: {fileID: 0}
  m_NavMeshLayer: 0
  m_StaticEditorFlags: 0
  m_IsActive: 1
--- !u!4 &3342768155271999901
Transform:
  m_ObjectHideFlags: 0
  m_CorrespondingSourceObject: {fileID: 0}
  m_PrefabInstance: {fileID: 0}
  m_PrefabAsset: {fileID: 0}
  m_GameObject: {fileID: 8445362994833123185}
  m_LocalRotation: {x: 0.017801076, y: 0.19316898, z: -0.16023687, w: 0.96782905}
  m_LocalPosition: {x: -0.005696392, y: -1.7763568e-17, z: -4.440892e-18}
  m_LocalScale: {x: 1, y: 1, z: 1}
  m_ConstrainProportionsScale: 0
  m_Children:
  - {fileID: 5063481844248115128}
  m_Father: {fileID: 3432244073607880613}
  m_RootOrder: 0
  m_LocalEulerAnglesHint: {x: 3.976707, y: 14.516882, z: -18.509958}
--- !u!1 &8525000111878746156
GameObject:
  m_ObjectHideFlags: 0
  m_CorrespondingSourceObject: {fileID: 0}
  m_PrefabInstance: {fileID: 0}
  m_PrefabAsset: {fileID: 0}
  serializedVersion: 6
  m_Component:
  - component: {fileID: 1148629178054867871}
  m_Layer: 0
  m_Name: Eye_L
  m_TagString: Untagged
  m_Icon: {fileID: 0}
  m_NavMeshLayer: 0
  m_StaticEditorFlags: 0
  m_IsActive: 1
--- !u!4 &1148629178054867871
Transform:
  m_ObjectHideFlags: 0
  m_CorrespondingSourceObject: {fileID: 0}
  m_PrefabInstance: {fileID: 0}
  m_PrefabAsset: {fileID: 0}
  m_GameObject: {fileID: 8525000111878746156}
  m_LocalRotation: {x: 0, y: -0, z: -0.63454217, w: 0.77288824}
  m_LocalPosition: {x: -0.00067958987, y: 0.0015836604, z: 0.0005485495}
  m_LocalScale: {x: 1, y: 1, z: 1}
  m_ConstrainProportionsScale: 0
  m_Children:
  - {fileID: 2740041501303636680}
  m_Father: {fileID: 2580134334793845598}
  m_RootOrder: 0
  m_LocalEulerAnglesHint: {x: 0, y: 0, z: -78.77207}
--- !u!1 &8653802352960010683
GameObject:
  m_ObjectHideFlags: 0
  m_CorrespondingSourceObject: {fileID: 0}
  m_PrefabInstance: {fileID: 0}
  m_PrefabAsset: {fileID: 0}
  serializedVersion: 6
  m_Component:
  - component: {fileID: 4476512080876726313}
  m_Layer: 0
  m_Name: MiddleFinger1_R
  m_TagString: Untagged
  m_Icon: {fileID: 0}
  m_NavMeshLayer: 0
  m_StaticEditorFlags: 0
  m_IsActive: 1
--- !u!4 &4476512080876726313
Transform:
  m_ObjectHideFlags: 0
  m_CorrespondingSourceObject: {fileID: 0}
  m_PrefabInstance: {fileID: 0}
  m_PrefabAsset: {fileID: 0}
  m_GameObject: {fileID: 8653802352960010683}
  m_LocalRotation: {x: 0, y: -0, z: -0, w: 1}
  m_LocalPosition: {x: -0.009159478, y: 1.498801e-17, z: -8.881784e-18}
  m_LocalScale: {x: 1, y: 1, z: 1}
  m_ConstrainProportionsScale: 0
  m_Children:
  - {fileID: 1941133429475645186}
  m_Father: {fileID: 1894367779824600876}
  m_RootOrder: 0
  m_LocalEulerAnglesHint: {x: 0, y: 0, z: 0}
--- !u!1 &8744960866301276333
GameObject:
  m_ObjectHideFlags: 0
  m_CorrespondingSourceObject: {fileID: 0}
  m_PrefabInstance: {fileID: 0}
  m_PrefabAsset: {fileID: 0}
  serializedVersion: 6
  m_Component:
  - component: {fileID: 3511067860177398797}
  m_Layer: 0
  m_Name: Toes_L
  m_TagString: Untagged
  m_Icon: {fileID: 0}
  m_NavMeshLayer: 0
  m_StaticEditorFlags: 0
  m_IsActive: 1
--- !u!4 &3511067860177398797
Transform:
  m_ObjectHideFlags: 0
  m_CorrespondingSourceObject: {fileID: 0}
  m_PrefabInstance: {fileID: 0}
  m_PrefabAsset: {fileID: 0}
  m_GameObject: {fileID: 8744960866301276333}
  m_LocalRotation: {x: 0.0045603104, y: 0.003983136, z: -0.6578248, w: 0.75314665}
  m_LocalPosition: {x: 0.0010674758, y: -0.0021512709, z: 1.012701e-13}
  m_LocalScale: {x: 1, y: 1, z: 1}
  m_ConstrainProportionsScale: 0
  m_Children:
  - {fileID: 1197087447821498169}
  m_Father: {fileID: 1393461532359808274}
  m_RootOrder: 0
  m_LocalEulerAnglesHint: {x: 0.6938454, y: 0.000000019345784, z: -82.27021}
--- !u!1001 &2124278372203065577
PrefabInstance:
  m_ObjectHideFlags: 0
  serializedVersion: 2
  m_Modification:
    m_TransformParent: {fileID: 4476512080876726313}
    m_Modifications:
    - target: {fileID: -8679921383154817045, guid: 0139d0f55b6c4e946814b459cd673bc6, type: 3}
      propertyPath: m_RootOrder
      value: 0
      objectReference: {fileID: 0}
    - target: {fileID: -8679921383154817045, guid: 0139d0f55b6c4e946814b459cd673bc6, type: 3}
      propertyPath: m_LocalScale.x
      value: 3.9191072
      objectReference: {fileID: 0}
    - target: {fileID: -8679921383154817045, guid: 0139d0f55b6c4e946814b459cd673bc6, type: 3}
      propertyPath: m_LocalScale.y
      value: 3.9191048
      objectReference: {fileID: 0}
    - target: {fileID: -8679921383154817045, guid: 0139d0f55b6c4e946814b459cd673bc6, type: 3}
      propertyPath: m_LocalScale.z
      value: 3.9191055
      objectReference: {fileID: 0}
    - target: {fileID: -8679921383154817045, guid: 0139d0f55b6c4e946814b459cd673bc6, type: 3}
      propertyPath: m_LocalPosition.x
      value: 0.0071430774
      objectReference: {fileID: 0}
    - target: {fileID: -8679921383154817045, guid: 0139d0f55b6c4e946814b459cd673bc6, type: 3}
      propertyPath: m_LocalPosition.y
      value: 0.01638418
      objectReference: {fileID: 0}
    - target: {fileID: -8679921383154817045, guid: 0139d0f55b6c4e946814b459cd673bc6, type: 3}
      propertyPath: m_LocalPosition.z
      value: 0.010810148
      objectReference: {fileID: 0}
    - target: {fileID: -8679921383154817045, guid: 0139d0f55b6c4e946814b459cd673bc6, type: 3}
      propertyPath: m_LocalRotation.w
      value: -0.84418446
      objectReference: {fileID: 0}
    - target: {fileID: -8679921383154817045, guid: 0139d0f55b6c4e946814b459cd673bc6, type: 3}
      propertyPath: m_LocalRotation.x
      value: 0.40173778
      objectReference: {fileID: 0}
    - target: {fileID: -8679921383154817045, guid: 0139d0f55b6c4e946814b459cd673bc6, type: 3}
      propertyPath: m_LocalRotation.y
      value: -0.2891877
      objectReference: {fileID: 0}
    - target: {fileID: -8679921383154817045, guid: 0139d0f55b6c4e946814b459cd673bc6, type: 3}
      propertyPath: m_LocalRotation.z
      value: 0.20574218
      objectReference: {fileID: 0}
    - target: {fileID: -8679921383154817045, guid: 0139d0f55b6c4e946814b459cd673bc6, type: 3}
      propertyPath: m_LocalEulerAnglesHint.x
      value: -34.006
      objectReference: {fileID: 0}
    - target: {fileID: -8679921383154817045, guid: 0139d0f55b6c4e946814b459cd673bc6, type: 3}
      propertyPath: m_LocalEulerAnglesHint.y
      value: 52.036
      objectReference: {fileID: 0}
    - target: {fileID: -8679921383154817045, guid: 0139d0f55b6c4e946814b459cd673bc6, type: 3}
      propertyPath: m_LocalEulerAnglesHint.z
      value: -44.373
      objectReference: {fileID: 0}
    - target: {fileID: 919132149155446097, guid: 0139d0f55b6c4e946814b459cd673bc6, type: 3}
      propertyPath: m_Name
      value: Sung
      objectReference: {fileID: 0}
    m_RemovedComponents: []
  m_SourcePrefab: {fileID: 100100000, guid: 0139d0f55b6c4e946814b459cd673bc6, type: 3}
--- !u!4 &1941133429475645186 stripped
Transform:
  m_CorrespondingSourceObject: {fileID: -8679921383154817045, guid: 0139d0f55b6c4e946814b459cd673bc6, type: 3}
  m_PrefabInstance: {fileID: 2124278372203065577}
  m_PrefabAsset: {fileID: 0}
